1225 2367
175 127 265 191 358
335 126 1045 172 FAB.AESOP1ARUM

168 211 271 252 Quos
286 208 375 242 intra
392 218 517 253 opacas
531 206 710 251 explicent
724 205 910 240 arbusculae

169 258 321 291 Frondes
334 283 342 298 ,
362 258 395 290 ὃ(
411 258 551 290 umbras
566 255 754 299 hospitales
772 255 947 298 praebeant
959 279 972 297 ‚

169 307 219 339 Ac
235 307 381 350 proinde
397 305 537 350 longius
551 304 716 338 evolandi
732 304 883 347 copiam.

168 355 395 398 Quapropter
410 353 640 398 ingemiscens
656 366 663 386 :
680 353 847 394 Quaedam
859 378 868 392 ‚
885 351 952 393 ait,
968 350 1052 385 lic'et

169 403 398 436 Incommoda
415 403 462 436 ibi
479 402 549 435 sint
564 427 573 442 ,
591 401 776 434 commoda
793 410 910 434 tamen
929 411 1021 433 nunc
1033 409 1115 434 reor

169 452 339 495 Superare
357 451 504 484 multum
522 462 530 488 3
548 461 619 493 prae
637 449 762 494 quibus
778 449 910 482 utilitas
927 448 1015 483 mihi

169 501 273 532 Nulla
285 501 343 533 hic
357 500 496 532 videtur
512 498 578 531 efl'e
590 525 598 539 ‚
614 510 690 542 quae
705 509 779 530 non
794 497 942 533 sordeat.

167 548 220 582 lta
239 548 452 592 computaris
467 547 631 581 omnibus
642 573 652 588 ‚
667 546 836 579 delabitur

168 596 211 630 ln
226 597 443 630 miseriorem
455 622 464 636 ‚
482 595 586 640 quam
599 595 694 639 prius
705 620 715 636 ,
732 593 996 639 aegritudinem3

169 646 361 689 Altumque
379 645 595 689 longumque
608 644 699 678 silet.
717 643 919 676 observans
931 644 1053 684 herus,

168 694 329 727 Moerore
346 694 459 726 nimio
473 704 516 726 ne
534 694 757 726 consumatur
767 717 776 732 ‚
789 692 913 726 timet:

168 742 376 788 Angustiore
392 742 498 775 cavea
513 743 663 785 prudens
683 741 855 778 emi-ahin

168 791 316 835 Jamque
331 790 445 823 minus
462 789 624 822 afflictam
642 790 684 822 ad
699 788 869 821 aviarium
885 788 991 821 refert

170 841 369 872 Commune
383 851 393 876 ·‚
416 849 571 882 moxque
585 848 723 883 gutture
739 836 978 882 liquidissimo

170 888 310 921 Emittit
326 887 384 921 illa
397 897 516 920 cantus
531 887 662 920 laetitiae
677 886 820 919 indices.

219 938 319 978 Quos
332 936 518 969 hominum
535 935 606 968 sola
623 934 723 978 pellit
738 931 984 977 importunitas
995 957 1005 975 ,

169 985 196 1017 E
213 985 378 1018 societate
395 995 538 1024 eorum,
554 984 592 1017 in
607 982 830 1017 solitudinem
846 994 857 1020 ·‚

170 1033 309 1067 Bonum
323 1033 360 1066 hi
377 1032 554 1077 reperiunt
567 1031 646 1066 raro
658 1058 667 1073 ,
683 1032 777 1075 quod
792 1030 1026 1075 speraverant.

487 1302 686 1348 Rationis
708 1302 840 1347 Liber.

172 1372 248 1453 E
264 1430 292 1453 Χ
303 1429 318 1453 1
332 1428 364 1452 M
377 1428 391 1452 1
404 1427 430 1452 U
442 1427 459 1451 s
472 1445 480 1459 ‚
494 1416 567 1460 ipsa
583 1415 687 1449 Ratio
705 1426 809 1459 quem
823 1413 1019 1447 confecerat
1032 1437 1045 1454 ,

173 1471 314 1512 Qquue
331 1468 403 1511 ipse
421 1468 518 1499 [racio
534 1465 800 1503 inscribebatur,
815 1463 852 1495 in
868 1473 989 1494 manus

171 1518 368 1550 Hominum
382 1528 400 1549 a
414 1516 578 1549 Minerva
593 1512 737 1545 traditus
753 1511 866 1544 fuerat
881 1510 983 1543 Liber
997 1521 1006 1544 :

170 1565 324 1598 Virtutis
341 1565 477 1608 optima
491 1561 626 1607 quaevis
644 1562 677 1594 &
690 1559 868 1603 sapientiae

170 1613 345 1657 Praecepta
357 1639 366 1653 ,
380 1614 421 1645 ad
438 1622 560 1644 ornnes
576 1610 660 1643 vitae
675 1609 755 1642 usus
771 1607 896 1641 idonea
911 1632 922 1648 ,

169 1663 202 1695 Is
217 1662 434 1696 continebat:
449 1669 662 1704 ponerentur
678 1657 716 1689 in
731 1658 829 1689 lucro
839 1681 849 1697 ‚

172 1711 264 1744 Hinc
281 1710 457 1744 oriebatur
474 1706 632 1741 omniurn
646 1705 809 1739 felicitas.

170 1761 217 1792 At
233 1759 332 1803 pueri
349 1759 385 1791 in
402 1758 464 1790 illo
475 1783 484 1797 ‚
501 1766 625 1800 praeter
638 1755 762 1794 verba,
778 1753 828 1786 nil
842 1752 986 1786 videntz

170 1807 324 1842 Juvenes
337 1833 345 1848 ‚
360 1806 480 1839 videre
494 1805 523 1838 si
541 1804 622 1848 quid
638 1802 769 1836 norunt
782 1827 791 1843 ,
809 1801 989 1846 negligunt
1005 1813 1016 1835 τ

171 1857 214 1888 Et
231 1857 395 1900 pleraque
408 1855 531 1888 vident
541 1880 550 1894 ‚
568 1854 601 1886 δι
614 1863 654 1886 ea
669 1859 896 1894 corrumpunt
909 1848 1004 1883 viri:

171 1904 213 1938 Et
230 1904 351 1939 omnia
364 1903 487 1946 vident
496 1929 505 1944 ‚
524 1903 559 1936 δι
570 1901 621 1936 nil
633 1899 804 1945 arripiunt
817 1899 926 1934 seneS.
