1268 2361
127 123 298 169 LIBER
330 133 590 167 DECIMUS
622 134 910 179 QUARTUS.
948 135 1037 188 355

52 203 98 238 Se
113 204 314 248 lusibusque
330 204 477 238 recreari
493 204 666 239 dictitans.

53 252 88 286 ls
103 264 187 297 ergo
204 253 309 297 genio
325 251 432 286 liber'e
446 253 603 298 indulget
616 253 697 294 suo,

51 300 96 335 Et
112 300 324 344 importunis
341 301 492 335 aulicum
506 313 681 346 quemque
697 302 830 346 appetit

53 349 203 382 cavillis
214 375 222 390 ‚
241 350 274 383 ὃ(
287 349 406 395 fatigat
422 350 619 383 insolentia.

51 396 137 431 Inde
153 409 275 442 graves
290 398 327 431 in
339 409 420 432 eum
436 399 513 431 Rex
528 399 722 432 simultates
739 398 838 432 videt

52 445 212 479 Conflari
227 458 236 484 ·‚
251 458 314 480 nec
329 447 520 490 petulantis
537 447 617 480 ideo
635 447 794 491 reprimit

51 493 229 528 Malitiam
245 507 254 533 ·‚
272 506 307 528 at
322 496 406 529 illud
421 507 526 529 omne
541 496 714 529 scurrandi
731 506 840 541 genus

51 542 128 576 Effe
143 542 296 585 joculare
312 544 396 577 dicit
407 569 416 585 ,
435 545 469 577 δι
485 545 555 577 risu
569 545 692 588 probat
709 556 719 582 ·,

52 591 232 636 Suumque
245 592 403 636 lepidum
419 592 608 625 Simiolum
626 593 690 626 sibi
709 593 745 625 in
759 591 833 627 dies

53 638 170 684 Magis
188 640 368 685 magisque
385 641 420 673 in
437 641 572 674 deliciis
589 639 655 674 effe
672 640 816 676 indicat.

51 687 162 730 Quod
179 687 207 722 is
223 688 282 722 ubi
300 689 406 722 sensit
417 714 426 729 ‚
440 688 549 722 factus
566 688 612 722 est
629 689 816 727 audacior-3

0 751 1 758 ¹
51 735 240 781 lpfumque
258 737 439 770 dominum
453 735 624 781 aggressus
642 735 688 769 cst
705 736 858 770 disteriis

53 784 224 818 Ridiculis
240 795 370 829 petere.
390 784 544 819 Primum
561 783 756 818 dissimulat
769 784 841 818 Leo
855 796 862 818 :

53 830 136 868 1³6st
149 832 343 867 aulicorum
358 832 557 879 intelligens
576 834 745 878 quosdam
762 833 797 866 in
812 833 891 867 sinu

56 879 192 915 Gestire
203 907 212 923 ,
230 883 401 926 quosdam
419 881 505 923 sibi,
522 881 608 926 quin
623 880 724 926 plane
741 881 875 916 rideant
892 907 903 924 ,

54 928 133 963 Vix
148 938 340 974 temperare
356 943 363 964 :
378 931 538 963 Tuamne
550 955 558 971 ‚
574 929 622 964 ait
633 956 641 970 ,
657 932 745 964 mala
758 930 860 964 bestia
871 956 880 971 ,

55 976 108 1011 Εὸ
121 989 231 1022 usque
245 979 383 1012 tandem
400 977 544 1012 creviffe
560 978 813 1023 impudentiam
825 1004 834 1020 ,

55 1026 106 1059 Ut
122 1026 226 1059 etiam
241 1028 352 1061 velles
369 1026 480 1061 facere
498 1037 554 1060 me
570 1028 689 1060 ludum
709 1028 742 1061 δε
760 1026 901 1068 iocum?

56 1075 150 1118 Fuge
159 1074 241 1108 hinc
253 1100 262 1116 ‚
271 1075 349 1119 fuge
360 1077 482 1120 procul
493 1075 530 1108 in
540 1087 612 1109 rem
624 1102 634 1117 ‚
644 1076 712 1120 qua
729 1076 832 1122 digna
841 1086 876 1110 es
888 1076 1049 1118 qualum.

107 1123 179 1156 Suo
195 1125 392 1167 complures
409 1124 581 1169 gratiosos
598 1123 751 1168 principi

58 1170 258 1205 Temeraria
277 1172 364 1206 olim
382 1172 531 1217 perdidit
547 1171 687 1207 fiducia.
