<?xml version="1.0" encoding="UTF-8"?>
<!DOCTYPE html PUBLIC "-//W3C//DTD XHTML 1.0 Transitional//EN"
    "http://www.w3.org/TR/xhtml1/DTD/xhtml1-transitional.dtd">
<html xmlns="http://www.w3.org/1999/xhtml" xml:lang="en" lang="en">
 <head>
  <title>
</title>
<meta http-equiv="Content-Type" content="text/html;charset=utf-8" />
  <meta name='ocr-system' content='tesseract 3.04.00' />
  <meta name='ocr-capabilities' content='ocr_page ocr_carea ocr_par ocr_line ocrx_word'/>
</head>
<body>
  <div class='ocr_page' id='page_1' title='image "./fabulaeaesopiaec00desbuoft_0304.png"; bbox 0 0 1225 2367; ppageno 0'>
   <div class='ocr_carea' id='block_1_1' title="bbox 186 115 1033 164">
    <p class='ocr_par' dir='ltr' id='par_1_1' title="bbox 186 115 1033 164">
     <span class='ocr_line' id='line_1_1' title="bbox 186 115 1033 164; baseline -0.006 -2"><span class='ocrx_word' id='word_1_1' title='bbox 186 118 280 164; x_wconf 87' lang='lat'>260</span> <span class='ocrx_word' id='word_1_2' title='bbox 348 118 502 163; x_wconf 65' lang='grc' dir='ltr'>ΕΑΒ.</span> <span class='ocrx_word' id='word_1_3' title='bbox 538 115 1033 159; x_wconf 63' lang='lat' dir='ltr'><em>JESOPIARUM</em></span> 
     </span>
    </p>
   </div>
   <div class='ocr_carea' id='block_1_2' title="bbox 183 195 1032 629">
    <p class='ocr_par' dir='ltr' id='par_1_2' title="bbox 183 195 1032 629">
     <span class='ocr_line' id='line_1_2' title="bbox 183 195 971 238; baseline -0.004 -8"><span class='ocrx_word' id='word_1_4' title='bbox 183 198 318 231; x_wconf 83' lang='lat' dir='ltr'>Rabido</span> <span class='ocrx_word' id='word_1_5' title='bbox 335 210 342 230; x_wconf 90' lang='lat'>:</span> <span class='ocrx_word' id='word_1_6' title='bbox 359 197 487 230; x_wconf 84' lang='lat' dir='ltr'>furoris</span> <span class='ocrx_word' id='word_1_7' title='bbox 503 197 659 230; x_wconf 77' lang='lat' dir='ltr'>intremit</span> <span class='ocrx_word' id='word_1_8' title='bbox 672 195 754 229; x_wconf 79' lang='lat' dir='ltr'>caeci</span> <span class='ocrx_word' id='word_1_9' title='bbox 768 195 944 238; x_wconf 85' lang='lat' dir='ltr'><strong>impotens</strong></span> <span class='ocrx_word' id='word_1_10' title='bbox 961 207 971 228; x_wconf 70' lang='grc' dir='ltr'>ε</span> 
     </span>
     <span class='ocr_line' id='line_1_3' title="bbox 183 243 994 289; baseline -0.001 -11"><span class='ocrx_word' id='word_1_11' title='bbox 183 245 330 279; x_wconf 84' lang='lat' dir='ltr'>Pedibus</span> <span class='ocrx_word' id='word_1_12' title='bbox 348 257 485 278; x_wconf 85' lang='lat' dir='ltr'>arenam</span> <span class='ocrx_word' id='word_1_13' title='bbox 502 245 630 289; x_wconf 79' lang='lat' dir='ltr'>spargit</span> <span class='ocrx_word' id='word_1_14' title='bbox 644 257 651 277; x_wconf 79' lang='lat' dir='ltr'>z</span> <span class='ocrx_word' id='word_1_15' title='bbox 668 245 704 277; x_wconf 89' lang='lat' dir='ltr'>in</span> <span class='ocrx_word' id='word_1_16' title='bbox 718 255 816 277; x_wconf 86' lang='lat' dir='ltr'>auras</span> <span class='ocrx_word' id='word_1_17' title='bbox 829 243 994 277; x_wconf 86' lang='lat' dir='ltr'>cornibus</span> 
     </span>
     <span class='ocr_line' id='line_1_4' title="bbox 185 291 970 334; baseline -0.004 -7"><span class='ocrx_word' id='word_1_18' title='bbox 185 295 296 327; x_wconf 74' lang='lat' dir='ltr'>Saevit</span> <span class='ocrx_word' id='word_1_19' title='bbox 310 307 317 326; x_wconf 89' lang='lat'>:</span> <span class='ocrx_word' id='word_1_20' title='bbox 335 305 367 326; x_wconf 85' lang='lat' dir='ltr'>at</span> <span class='ocrx_word' id='word_1_21' title='bbox 381 294 501 327; x_wconf 83' lang='lat' dir='ltr'>inanes</span> <span class='ocrx_word' id='word_1_22' title='bbox 517 294 613 326; x_wconf 78' lang='lat' dir='ltr'>hasce</span> <span class='ocrx_word' id='word_1_23' title='bbox 627 294 709 326; x_wconf 91' lang='lat' dir='ltr'>dum</span> <span class='ocrx_word' id='word_1_24' title='bbox 722 291 824 334; x_wconf 61' lang='lat' dir='ltr'>jactat</span> <span class='ocrx_word' id='word_1_25' title='bbox 837 291 948 325; x_wconf 86' lang='lat' dir='ltr'>minas</span> <span class='ocrx_word' id='word_1_26' title='bbox 960 316 970 332; x_wconf 90' lang='lat'>,</span> 
     </span>
     <span class='ocr_line' id='line_1_5' title="bbox 185 340 911 386; baseline -0.004 -11"><span class='ocrx_word' id='word_1_27' title='bbox 185 342 353 375; x_wconf 82' lang='lat' dir='ltr'>Accendit</span> <span class='ocrx_word' id='word_1_28' title='bbox 367 342 464 386; x_wconf 82' lang='lat' dir='ltr'>ignes</span> <span class='ocrx_word' id='word_1_29' title='bbox 479 368 487 383; x_wconf 91' lang='lat'>,</span> <span class='ocrx_word' id='word_1_30' title='bbox 505 341 702 375; x_wconf 87' lang='lat' dir='ltr'>ulcerosum</span> <span class='ocrx_word' id='word_1_31' title='bbox 716 341 776 384; x_wconf 89' lang='lat' dir='ltr'>qui</span> <span class='ocrx_word' id='word_1_32' title='bbox 792 340 886 382; x_wconf 82' lang='lat' dir='ltr'>jecur</span> <span class='ocrx_word' id='word_1_33' title='bbox 900 366 911 381; x_wconf 85' lang='lat'>,</span> 
     </span>
     <span class='ocr_line' id='line_1_6' title="bbox 185 388 916 434; baseline -0.003 -11"><span class='ocrx_word' id='word_1_34' title='bbox 185 390 377 434; x_wconf 79' lang='lat' dir='ltr'>Venasque</span> <span class='ocrx_word' id='word_1_35' title='bbox 394 391 535 423; x_wconf 78' lang='lat' dir='ltr'>adurant</span> <span class='ocrx_word' id='word_1_36' title='bbox 550 402 559 427; x_wconf 91' lang='lat'>·,</span> <span class='ocrx_word' id='word_1_37' title='bbox 576 390 610 423; x_wconf 69' lang='grc' dir='ltr'>ὅ(</span> <span class='ocrx_word' id='word_1_38' title='bbox 622 388 722 423; x_wconf 76' lang='lat' dir='ltr'>facile</span> <span class='ocrx_word' id='word_1_39' title='bbox 736 388 895 422; x_wconf 87' lang='lat' dir='ltr'>sanabilis</span> <span class='ocrx_word' id='word_1_40' title='bbox 906 413 916 429; x_wconf 94' lang='lat'><strong>‚</strong></span> 
     </span>
     <span class='ocr_line' id='line_1_7' title="bbox 187 437 957 482; baseline -0.003 -10"><span class='ocrx_word' id='word_1_41' title='bbox 187 439 225 472; x_wconf 76' lang='lat' dir='ltr'>si</span> <span class='ocrx_word' id='word_1_42' title='bbox 241 438 348 471; x_wconf 66' lang='lat' dir='ltr'>mod&amp;</span> <span class='ocrx_word' id='word_1_43' title='bbox 365 439 579 482; x_wconf 77' lang='lat' dir='ltr'>aliquantum</span> <span class='ocrx_word' id='word_1_44' title='bbox 594 440 702 471; x_wconf 84' lang='lat' dir='ltr'>vellet</span> <span class='ocrx_word' id='word_1_45' title='bbox 717 437 933 482; x_wconf 77' lang='lat' dir='ltr'>acquiescere</span> <span class='ocrx_word' id='word_1_46' title='bbox 947 462 957 478; x_wconf 92' lang='lat'>‚</span> 
     </span>
     <span class='ocr_line' id='line_1_8' title="bbox 187 485 871 520; baseline 0 -1"><span class='ocrx_word' id='word_1_47' title='bbox 187 487 418 520; x_wconf 82' lang='lat' dir='ltr'>Curationem</span> <span class='ocrx_word' id='word_1_48' title='bbox 435 488 572 520; x_wconf 68' lang='lat' dir='ltr'>morsus</span> <span class='ocrx_word' id='word_1_49' title='bbox 586 487 762 520; x_wconf 81' lang='lat' dir='ltr'>difficilem</span> <span class='ocrx_word' id='word_1_50' title='bbox 774 485 871 519; x_wconf 81' lang='lat' dir='ltr'>facit.</span> 
     </span>
     <span class='ocr_line' id='line_1_9' title="bbox 237 532 1032 579; baseline -0.003 -11"><span class='ocrx_word' id='word_1_51' title='bbox 237 536 412 569; x_wconf 71' lang='lat' dir='ltr'>Adversus</span> <span class='ocrx_word' id='word_1_52' title='bbox 427 535 561 568; x_wconf 85' lang='lat' dir='ltr'>hostem</span> <span class='ocrx_word' id='word_1_53' title='bbox 575 535 734 579; x_wconf 83' lang='lat' dir='ltr'>quisquis</span> <span class='ocrx_word' id='word_1_54' title='bbox 749 534 909 579; x_wconf 82' lang='lat' dir='ltr'>ignotum</span> <span class='ocrx_word' id='word_1_55' title='bbox 923 532 1006 566; x_wconf 88' lang='lat' dir='ltr'>furit</span> <span class='ocrx_word' id='word_1_56' title='bbox 1019 559 1032 574; x_wconf 79' lang='grc'>,</span> 
     </span>
     <span class='ocr_line' id='line_1_10' title="bbox 187 582 1030 629; baseline -0.001 -12"><span class='ocrx_word' id='word_1_57' title='bbox 187 583 286 627; x_wconf 84' lang='lat' dir='ltr'>Quid</span> <span class='ocrx_word' id='word_1_58' title='bbox 302 583 469 628; x_wconf 86' lang='lat' dir='ltr'>proficit?</span> <span class='ocrx_word' id='word_1_59' title='bbox 488 585 617 617; x_wconf 85' lang='lat' dir='ltr'>malum</span> <span class='ocrx_word' id='word_1_60' title='bbox 632 594 753 629; x_wconf 84' lang='lat' dir='ltr'>auget,</span> <span class='ocrx_word' id='word_1_61' title='bbox 767 584 895 616; x_wconf 87' lang='lat' dir='ltr'>nedum</span> <span class='ocrx_word' id='word_1_62' title='bbox 910 582 1030 616; x_wconf 86' lang='lat' dir='ltr'>leniat.</span> 
     </span>
    </p>
   </div>
   <div class='ocr_carea' id='block_1_3' title="bbox 345 680 630 699">
    <p class='ocr_par' dir='ltr' id='par_1_3' title="bbox 345 680 630 699">
     <span class='ocr_line' id='line_1_11' title="bbox 345 680 630 699; baseline 0 1668"><span class='ocrx_word' id='word_1_63' title='bbox 345 680 630 699; x_wconf 95' lang='lat' dir='ltr'> </span> 
     </span>
    </p>
   </div>
   <div class='ocr_carea' id='block_1_4' title="bbox 319 673 1045 804">
    <p class='ocr_par' dir='ltr' id='par_1_4' title="bbox 319 673 1045 804">
     <span class='ocr_line' id='line_1_12' title="bbox 319 673 1045 720; baseline 0.003 -14"><span class='ocrx_word' id='word_1_64' title='bbox 319 673 1045 720; x_wconf 44' lang='lat' dir='ltr'>,Efflafflffissa</span> 
     </span>
     <span class='ocr_line' id='line_1_13' title="bbox 351 758 1019 804; baseline -0.001 0"><span class='ocrx_word' id='word_1_65' title='bbox 351 759 725 804; x_wconf 85' lang='lat' dir='ltr'><strong>FABULA</strong></span> <span class='ocrx_word' id='word_1_66' title='bbox 791 758 1019 804; x_wconf 88' lang='lat' dir='ltr'>XXII.</span> 
     </span>
    </p>
   </div>
   <div class='ocr_carea' id='block_1_5' title="bbox 479 855 895 916">
    <p class='ocr_par' dir='ltr' id='par_1_5' title="bbox 479 855 895 916">
     <span class='ocr_line' id='line_1_14' title="bbox 479 855 895 916; baseline 0.002 -19"><span class='ocrx_word' id='word_1_67' title='bbox 479 856 513 896; x_wconf 82' lang='lat' dir='ltr'><em>S</em></span> <span class='ocrx_word' id='word_1_68' title='bbox 513 855 605 898; x_wconf 77' lang='lat' dir='ltr'>imii</span> <span class='ocrx_word' id='word_1_69' title='bbox 635 855 895 916; x_wconf 73' lang='lat' dir='ltr'>navigantes.</span> 
     </span>
    </p>
   </div>
   <div class='ocr_carea' id='block_1_6' title="bbox 1193 0 1225 752">
    <p class='ocr_par' dir='ltr' id='par_1_6' title="bbox 1193 0 1225 752">
     <span class='ocr_line' id='line_1_15' title="bbox 1193 0 1225 752; baseline 0 1615"><span class='ocrx_word' id='word_1_70' title='bbox 1193 0 1225 752; x_wconf 95' lang='lat' dir='ltr'> </span> 
     </span>
    </p>
   </div>
   <div class='ocr_carea' id='block_1_7' title="bbox 1214 757 1216 810">
    <p class='ocr_par' dir='ltr' id='par_1_7' title="bbox 1214 757 1216 810">
     <span class='ocr_line' id='line_1_16' title="bbox 1214 757 1215 766; baseline 0 0"><span class='ocrx_word' id='word_1_71' title='bbox 1214 757 1215 766; x_wconf 46' lang='grc' dir='ltr'>η</span> 
     </span>
     <span class='ocr_line' id='line_1_17' title="bbox 1214 792 1216 810; baseline 0 0"><span class='ocrx_word' id='word_1_72' title='bbox 1214 792 1216 810; x_wconf 69' lang='lat'>1</span> 
     </span>
    </p>
   </div>
   <div class='ocr_carea' id='block_1_8' title="bbox 1215 811 1225 1038">
    <p class='ocr_par' dir='ltr' id='par_1_8' title="bbox 1215 811 1225 1038">
     <span class='ocr_line' id='line_1_18' title="bbox 1215 811 1217 822; baseline 0 0"><span class='ocrx_word' id='word_1_73' title='bbox 1215 811 1217 822; x_wconf 53' lang='grc' dir='ltr'><em>ν</em></span> 
     </span>
     <span class='ocr_line' id='line_1_19' title="bbox 1215 831 1217 838; baseline 0 0"><span class='ocrx_word' id='word_1_74' title='bbox 1215 831 1217 838; x_wconf 49' lang='lat'><strong>¹</strong></span> 
     </span>
     <span class='ocr_line' id='line_1_20' title="bbox 1218 893 1219 903; baseline 0 0"><span class='ocrx_word' id='word_1_75' title='bbox 1218 893 1219 903; x_wconf 51' lang='grc' dir='ltr'>π</span> 
     </span>
     <span class='ocr_line' id='line_1_21' title="bbox 1217 910 1220 923; baseline 0 0"><span class='ocrx_word' id='word_1_76' title='bbox 1217 910 1220 923; x_wconf 82' lang='grc'><strong>1</strong></span> 
     </span>
     <span class='ocr_line' id='line_1_22' title="bbox 1218 924 1219 931; baseline 0 0"><span class='ocrx_word' id='word_1_77' title='bbox 1218 924 1219 931; x_wconf 57' lang='lat'>1</span> 
     </span>
     <span class='ocr_line' id='line_1_23' title="bbox 1220 974 1221 983; baseline 0 0"><span class='ocrx_word' id='word_1_78' title='bbox 1220 974 1221 983; x_wconf 51' lang='grc' dir='ltr'>η</span> 
     </span>
     <span class='ocr_line' id='line_1_24' title="bbox 1219 985 1225 999; baseline 0 -6"><span class='ocrx_word' id='word_1_79' title='bbox 1219 985 1225 999; x_wconf 65' lang='lat'>0¹</span> 
     </span>
     <span class='ocr_line' id='line_1_25' title="bbox 1221 1014 1223 1038; baseline 0 0"><span class='ocrx_word' id='word_1_80' title='bbox 1221 1014 1223 1038; x_wconf 69' lang='lat'>1</span> 
     </span>
    </p>
   </div>
   <div class='ocr_carea' id='block_1_9' title="bbox 1176 1462 1225 2086">
    <p class='ocr_par' dir='ltr' id='par_1_9' title="bbox 1176 1462 1225 2086">
     <span class='ocr_line' id='line_1_26' title="bbox 1208 1462 1225 1608; baseline 0 -143"><span class='ocrx_word' id='word_1_81' title='bbox 1208 1462 1225 1608; x_wconf 55' lang='grc' dir='ltr'>,ἓ</span> 
     </span>
     <span class='ocr_line' id='line_1_27' title="bbox 1206 1625 1225 1719; baseline 0 -13"><span class='ocrx_word' id='word_1_82' title='bbox 1206 1625 1225 1719; x_wconf 64' lang='lat' dir='ltr'>i:</span> 
     </span>
     <span class='ocr_line' id='line_1_28' title="bbox 1208 1733 1225 1828; baseline 0 -21"><span class='ocrx_word' id='word_1_83' title='bbox 1208 1733 1225 1828; x_wconf 67' lang='grc' dir='ltr'>ζὲ</span> 
     </span>
     <span class='ocr_line' id='line_1_29' title="bbox 1176 1915 1183 1919; baseline 0.265 -1"><span class='ocrx_word' id='word_1_84' title='bbox 1176 1915 1183 1919; x_wconf 81' lang='grc'><strong><em>.</em></strong></span> 
     </span>
     <span class='ocr_line' id='line_1_30' title="bbox 1210 1934 1225 2051; baseline 0 0"><span class='ocrx_word' id='word_1_85' title='bbox 1210 1934 1225 2051; x_wconf 58' lang='lat' dir='ltr'>i</span> 
     </span>
     <span class='ocr_line' id='line_1_31' title="bbox 1209 2051 1225 2086; baseline 0 0"><span class='ocrx_word' id='word_1_86' title='bbox 1209 2051 1225 2086; x_wconf 39' lang='grc' dir='ltr'>*ἶ</span> 
     </span>
    </p>
   </div>
   <div class='ocr_carea' id='block_1_10' title="bbox 193 927 1181 1935">
    <p class='ocr_par' dir='ltr' id='par_1_10' title="bbox 193 927 1181 1057">
     <span class='ocr_line' id='line_1_32' title="bbox 197 927 1181 1010; baseline -0.002 -7"><span class='ocrx_word' id='word_1_87' title='bbox 197 927 289 1003; x_wconf 60' lang='lat' dir='ltr'>H</span> <span class='ocrx_word' id='word_1_88' title='bbox 305 978 329 1001; x_wconf 97' lang='grc' dir='ltr'>ο</span> <span class='ocrx_word' id='word_1_89' title='bbox 343 978 375 1001; x_wconf 84' lang='grc' dir='ltr'><strong>Μ</strong></span> <span class='ocrx_word' id='word_1_90' title='bbox 388 978 402 1001; x_wconf 80' lang='lat'>1</span> <span class='ocrx_word' id='word_1_91' title='bbox 415 978 441 1001; x_wconf 78' lang='lat' dir='ltr'>N</span> <span class='ocrx_word' id='word_1_92' title='bbox 452 978 467 1002; x_wconf 86' lang='lat'>1</span> <span class='ocrx_word' id='word_1_93' title='bbox 480 979 499 1002; x_wconf 82' lang='lat' dir='ltr'><strong>B</strong></span> <span class='ocrx_word' id='word_1_94' title='bbox 510 978 538 1002; x_wconf 86' lang='lat' dir='ltr'>U</span> <span class='ocrx_word' id='word_1_95' title='bbox 550 978 567 1002; x_wconf 88' lang='lat' dir='ltr'><strong>s</strong></span> <span class='ocrx_word' id='word_1_96' title='bbox 584 980 694 1002; x_wconf 85' lang='lat' dir='ltr'>vacua</span> <span class='ocrx_word' id='word_1_97' title='bbox 705 996 713 1010; x_wconf 95' lang='lat'>‚</span> <span class='ocrx_word' id='word_1_98' title='bbox 729 978 762 1002; x_wconf 85' lang='lat' dir='ltr'>at</span> <span class='ocrx_word' id='word_1_99' title='bbox 779 967 1002 1002; x_wconf 78' lang='lat' dir='ltr'>armamentis</span> <span class='ocrx_word' id='word_1_100' title='bbox 1017 966 1181 1001; x_wconf 83' lang='lat' dir='ltr'>omnibus</span> 
     </span>
     <span class='ocr_line' id='line_1_33' title="bbox 193 1017 861 1057; baseline 0.003 -7"><span class='ocrx_word' id='word_1_101' title='bbox 193 1017 358 1050; x_wconf 74' lang='lat' dir='ltr'>InstruCta</span> <span class='ocrx_word' id='word_1_102' title='bbox 368 1043 377 1057; x_wconf 75' lang='grc'><em>,</em></span> <span class='ocrx_word' id='word_1_103' title='bbox 392 1017 482 1050; x_wconf 77' lang='lat' dir='ltr'>forte</span> <span class='ocrx_word' id='word_1_104' title='bbox 496 1017 600 1050; x_wconf 81' lang='lat' dir='ltr'>stabat</span> <span class='ocrx_word' id='word_1_105' title='bbox 613 1019 654 1050; x_wconf 89' lang='lat' dir='ltr'>ad</span> <span class='ocrx_word' id='word_1_106' title='bbox 666 1018 749 1051; x_wconf 83' lang='lat' dir='ltr'>litus</span> <span class='ocrx_word' id='word_1_107' title='bbox 765 1018 861 1052; x_wconf 72' lang='lat' dir='ltr'>ratis.</span> 
     </span>
    </p>

    <p class='ocr_par' dir='ltr' id='par_1_11' title="bbox 194 1065 918 1111">
     <span class='ocr_line' id='line_1_34' title="bbox 194 1065 918 1111; baseline 0.001 -13"><span class='ocrx_word' id='word_1_108' title='bbox 194 1065 297 1099; x_wconf 83' lang='lat' dir='ltr'>Vidit</span> <span class='ocrx_word' id='word_1_109' title='bbox 313 1076 451 1099; x_wconf 85' lang='lat' dir='ltr'>caterva</span> <span class='ocrx_word' id='word_1_110' title='bbox 467 1065 660 1099; x_wconf 81' lang='lat' dir='ltr'>Simiorum</span> <span class='ocrx_word' id='word_1_111' title='bbox 674 1092 683 1106; x_wconf 88' lang='lat'>,</span> <span class='ocrx_word' id='word_1_112' title='bbox 701 1065 800 1099; x_wconf 85' lang='lat' dir='ltr'>stulta</span> <span class='ocrx_word' id='word_1_113' title='bbox 814 1077 918 1111; x_wconf 85' lang='lat' dir='ltr'>gens,</span> 
     </span>
    </p>

    <p class='ocr_par' dir='ltr' id='par_1_12' title="bbox 195 1113 1113 1450">
     <span class='ocr_line' id='line_1_35' title="bbox 197 1113 908 1158; baseline 0 -11"><span class='ocrx_word' id='word_1_114' title='bbox 197 1114 331 1157; x_wconf 84' lang='lat' dir='ltr'>Cupida</span> <span class='ocrx_word' id='word_1_115' title='bbox 346 1113 506 1147; x_wconf 88' lang='lat' dir='ltr'>imitandi</span> <span class='ocrx_word' id='word_1_116' title='bbox 522 1115 712 1158; x_wconf 71' lang='lat' dir='ltr'>quidlibet:</span> <span class='ocrx_word' id='word_1_117' title='bbox 731 1114 908 1148; x_wconf 86' lang='lat' dir='ltr'>temerarii</span> 
     </span>
     <span class='ocr_line' id='line_1_36' title="bbox 197 1163 1091 1207; baseline 0.002 -13"><span class='ocrx_word' id='word_1_118' title='bbox 197 1163 442 1196; x_wconf 85' lang='lat' dir='ltr'>Conscendere</span> <span class='ocrx_word' id='word_1_119' title='bbox 457 1163 584 1195; x_wconf 88' lang='lat' dir='ltr'>audent</span> <span class='ocrx_word' id='word_1_120' title='bbox 598 1175 607 1200; x_wconf 80' lang='lat'><em>3</em></span> <span class='ocrx_word' id='word_1_121' title='bbox 624 1163 658 1195; x_wconf 67' lang='grc' dir='ltr'>δε</span> <span class='ocrx_word' id='word_1_122' title='bbox 674 1164 778 1197; x_wconf 89' lang='lat' dir='ltr'>simul</span> <span class='ocrx_word' id='word_1_123' title='bbox 796 1171 986 1207; x_wconf 85' lang='lat' dir='ltr'>properant</span> <span class='ocrx_word' id='word_1_124' title='bbox 1001 1173 1091 1206; x_wconf 85' lang='lat' dir='ltr'>opus</span> 
     </span>
     <span class='ocr_line' id='line_1_37' title="bbox 195 1209 1113 1255; baseline -0.001 -11"><span class='ocrx_word' id='word_1_125' title='bbox 195 1212 320 1244; x_wconf 86' lang='lat' dir='ltr'>Facere</span> <span class='ocrx_word' id='word_1_126' title='bbox 336 1223 343 1244; x_wconf 93' lang='lat'>:</span> <span class='ocrx_word' id='word_1_127' title='bbox 361 1211 399 1244; x_wconf 86' lang='lat' dir='ltr'>hi</span> <span class='ocrx_word' id='word_1_128' title='bbox 417 1209 591 1253; x_wconf 78' lang='lat' dir='ltr'>capefl‘unt</span> <span class='ocrx_word' id='word_1_129' title='bbox 607 1222 723 1245; x_wconf 85' lang='lat' dir='ltr'>remos</span> <span class='ocrx_word' id='word_1_130' title='bbox 736 1238 745 1253; x_wconf 90' lang='lat'>,</span> <span class='ocrx_word' id='word_1_131' title='bbox 759 1212 798 1244; x_wconf 88' lang='lat' dir='ltr'>hi</span> <span class='ocrx_word' id='word_1_132' title='bbox 813 1213 892 1244; x_wconf 84' lang='lat' dir='ltr'>vela</span> <span class='ocrx_word' id='word_1_133' title='bbox 910 1211 1087 1255; x_wconf 83' lang='lat' dir='ltr'>explicant</span> <span class='ocrx_word' id='word_1_134' title='bbox 1099 1222 1113 1249; x_wconf 89' lang='lat'>·‚</span> 
     </span>
     <span class='ocr_line' id='line_1_38' title="bbox 195 1258 921 1303; baseline 0.003 -12"><span class='ocrx_word' id='word_1_135' title='bbox 195 1259 296 1292; x_wconf 82' lang='lat' dir='ltr'>Alius</span> <span class='ocrx_word' id='word_1_136' title='bbox 313 1260 473 1292; x_wconf 87' lang='lat' dir='ltr'>rudentes</span> <span class='ocrx_word' id='word_1_137' title='bbox 490 1258 630 1300; x_wconf 63' lang='lat' dir='ltr'>tradat,</span> <span class='ocrx_word' id='word_1_138' title='bbox 645 1260 732 1293; x_wconf 84' lang='lat' dir='ltr'>alius</span> <span class='ocrx_word' id='word_1_139' title='bbox 746 1271 808 1303; x_wconf 86' lang='lat' dir='ltr'>per</span> <span class='ocrx_word' id='word_1_140' title='bbox 822 1260 921 1293; x_wconf 88' lang='lat' dir='ltr'>foros</span> 
     </span>
     <span class='ocr_line' id='line_1_39' title="bbox 196 1307 995 1353; baseline 0.003 -13"><span class='ocrx_word' id='word_1_141' title='bbox 196 1307 372 1341; x_wconf 83' lang='lat' dir='ltr'>Discurrit</span> <span class='ocrx_word' id='word_1_142' title='bbox 383 1334 392 1349; x_wconf 92' lang='lat'>,</span> <span class='ocrx_word' id='word_1_143' title='bbox 409 1308 495 1341; x_wconf 81' lang='lat' dir='ltr'>alius</span> <span class='ocrx_word' id='word_1_144' title='bbox 513 1307 666 1353; x_wconf 86' lang='lat' dir='ltr'>graviter</span> <span class='ocrx_word' id='word_1_145' title='bbox 680 1310 721 1342; x_wconf 87' lang='lat' dir='ltr'>ad</span> <span class='ocrx_word' id='word_1_146' title='bbox 734 1310 872 1342; x_wconf 89' lang='lat' dir='ltr'>clavum</span> <span class='ocrx_word' id='word_1_147' title='bbox 888 1308 995 1342; x_wconf 85' lang='lat' dir='ltr'>sedet.</span> 
     </span>
     <span class='ocr_line' id='line_1_40' title="bbox 197 1356 1032 1400; baseline 0.001 -11"><span class='ocrx_word' id='word_1_148' title='bbox 197 1356 306 1398; x_wconf 87' lang='lat' dir='ltr'>Quod</span> <span class='ocrx_word' id='word_1_149' title='bbox 320 1356 467 1400; x_wconf 87' lang='lat' dir='ltr'>quisque</span> <span class='ocrx_word' id='word_1_150' title='bbox 483 1356 560 1390; x_wconf 86' lang='lat' dir='ltr'>fieri</span> <span class='ocrx_word' id='word_1_151' title='bbox 575 1356 666 1390; x_wconf 84' lang='lat' dir='ltr'>vidit</span> <span class='ocrx_word' id='word_1_152' title='bbox 677 1384 686 1398; x_wconf 91' lang='lat'>‚</span> <span class='ocrx_word' id='word_1_153' title='bbox 703 1357 738 1391; x_wconf 91' lang='lat' dir='ltr'>se</span> <span class='ocrx_word' id='word_1_154' title='bbox 754 1356 840 1391; x_wconf 86' lang='lat' dir='ltr'>scire</span> <span class='ocrx_word' id='word_1_155' title='bbox 855 1366 1032 1398; x_wconf 80' lang='lat' dir='ltr'>autumat,</span> 
     </span>
     <span class='ocr_line' id='line_1_41' title="bbox 197 1404 1041 1450; baseline 0.001 -13"><span class='ocrx_word' id='word_1_156' title='bbox 197 1405 292 1446; x_wconf 83' lang='lat' dir='ltr'>Quia</span> <span class='ocrx_word' id='word_1_157' title='bbox 306 1404 397 1438; x_wconf 85' lang='lat' dir='ltr'>vidit</span> <span class='ocrx_word' id='word_1_158' title='bbox 412 1418 419 1438; x_wconf 74' lang='grc' dir='ltr'>ε</span> <span class='ocrx_word' id='word_1_159' title='bbox 436 1414 469 1438; x_wconf 88' lang='lat' dir='ltr'>at</span> <span class='ocrx_word' id='word_1_160' title='bbox 486 1406 579 1449; x_wconf 89' lang='lat' dir='ltr'>quod</span> <span class='ocrx_word' id='word_1_161' title='bbox 596 1406 635 1438; x_wconf 93' lang='lat' dir='ltr'>ab</span> <span class='ocrx_word' id='word_1_162' title='bbox 649 1405 768 1450; x_wconf 82' lang='lat' dir='ltr'>aliquo</span> <span class='ocrx_word' id='word_1_163' title='bbox 782 1405 908 1440; x_wconf 57' lang='lat' dir='ltr'>factum</span> <span class='ocrx_word' id='word_1_164' title='bbox 922 1405 1020 1438; x_wconf 87' lang='lat' dir='ltr'>vides</span> <span class='ocrx_word' id='word_1_165' title='bbox 1031 1430 1041 1445; x_wconf 87' lang='lat'>‚</span> 
     </span>
    </p>

    <p class='ocr_par' dir='ltr' id='par_1_13' title="bbox 197 1453 1080 1643">
     <span class='ocr_line' id='line_1_42' title="bbox 197 1453 1080 1498; baseline 0.002 -12"><span class='ocrx_word' id='word_1_166' title='bbox 197 1453 239 1486; x_wconf 92' lang='lat' dir='ltr'>ld</span> <span class='ocrx_word' id='word_1_167' title='bbox 252 1453 363 1486; x_wconf 88' lang='lat' dir='ltr'>facere</span> <span class='ocrx_word' id='word_1_168' title='bbox 377 1453 564 1487; x_wconf 89' lang='lat' dir='ltr'>minimum</span> <span class='ocrx_word' id='word_1_169' title='bbox 579 1454 626 1486; x_wconf 86' lang='lat' dir='ltr'>est</span> <span class='ocrx_word' id='word_1_170' title='bbox 637 1480 645 1494; x_wconf 89' lang='lat'>‚</span> <span class='ocrx_word' id='word_1_171' title='bbox 660 1454 729 1487; x_wconf 87' lang='lat' dir='ltr'>nisi</span> <span class='ocrx_word' id='word_1_172' title='bbox 743 1455 930 1498; x_wconf 88' lang='lat' dir='ltr'>prudenter</span> <span class='ocrx_word' id='word_1_173' title='bbox 941 1453 1080 1490; x_wconf 83' lang='lat' dir='ltr'>feceris.</span> 
     </span>
     <span class='ocr_line' id='line_1_43' title="bbox 200 1500 994 1545; baseline 0.004 -12"><span class='ocrx_word' id='word_1_174' title='bbox 200 1500 297 1543; x_wconf 87' lang='lat' dir='ltr'>Quid</span> <span class='ocrx_word' id='word_1_175' title='bbox 311 1503 418 1534; x_wconf 88' lang='lat' dir='ltr'>multa</span> <span class='ocrx_word' id='word_1_176' title='bbox 431 1504 443 1536; x_wconf 71' lang='grc' dir='ltr'><strong><em>ἓ</em></strong></span> <span class='ocrx_word' id='word_1_177' title='bbox 458 1502 550 1535; x_wconf 84' lang='lat' dir='ltr'>funis</span> <span class='ocrx_word' id='word_1_178' title='bbox 566 1502 739 1545; x_wconf 86' lang='lat' dir='ltr'>rumpitur</span> <span class='ocrx_word' id='word_1_179' title='bbox 753 1514 761 1536; x_wconf 75' lang='grc' dir='ltr'><strong><em>ε</em></strong></span> <span class='ocrx_word' id='word_1_180' title='bbox 776 1502 858 1535; x_wconf 86' lang='lat' dir='ltr'>ratis</span> <span class='ocrx_word' id='word_1_181' title='bbox 872 1503 970 1536; x_wconf 87' lang='lat' dir='ltr'>volat</span> <span class='ocrx_word' id='word_1_182' title='bbox 985 1514 994 1536; x_wconf 90' lang='lat'>:</span> 
     </span>
     <span class='ocr_line' id='line_1_44' title="bbox 199 1549 936 1593; baseline 0.003 -12"><span class='ocrx_word' id='word_1_183' title='bbox 199 1549 335 1582; x_wconf 80' lang='lat' dir='ltr'>&#39;Verum</span> <span class='ocrx_word' id='word_1_184' title='bbox 349 1550 495 1593; x_wconf 88' lang='lat' dir='ltr'>asperati</span> <span class='ocrx_word' id='word_1_185' title='bbox 512 1561 599 1584; x_wconf 84' lang='lat' dir='ltr'>mox</span> <span class='ocrx_word' id='word_1_186' title='bbox 615 1551 674 1583; x_wconf 88' lang='lat' dir='ltr'>ubi</span> <span class='ocrx_word' id='word_1_187' title='bbox 691 1550 815 1584; x_wconf 61' lang='lat' dir='ltr'>fluctus</span> <span class='ocrx_word' id='word_1_188' title='bbox 829 1550 936 1584; x_wconf 86' lang='lat' dir='ltr'>maris</span> 
     </span>
     <span class='ocr_line' id='line_1_45' title="bbox 200 1597 902 1643; baseline 0.004 -14"><span class='ocrx_word' id='word_1_189' title='bbox 200 1597 494 1641; x_wconf 81' lang='lat' dir='ltr'>Depraeliantium</span> <span class='ocrx_word' id='word_1_190' title='bbox 508 1598 558 1631; x_wconf 80' lang='lat' dir='ltr'>ira</span> <span class='ocrx_word' id='word_1_191' title='bbox 571 1609 761 1631; x_wconf 84' lang='lat' dir='ltr'>ventorum</span> <span class='ocrx_word' id='word_1_192' title='bbox 778 1598 902 1643; x_wconf 87' lang='lat' dir='ltr'>incipit</span> 
     </span>
    </p>

    <p class='ocr_par' dir='ltr' id='par_1_14' title="bbox 202 1646 852 1690">
     <span class='ocr_line' id='line_1_46' title="bbox 202 1646 852 1690; baseline 0.003 -12"><span class='ocrx_word' id='word_1_193' title='bbox 202 1646 305 1679; x_wconf 86' lang='lat' dir='ltr'>Ciere</span> <span class='ocrx_word' id='word_1_194' title='bbox 319 1672 326 1687; x_wconf 86' lang='lat'>,</span> <span class='ocrx_word' id='word_1_195' title='bbox 341 1656 461 1680; x_wconf 78' lang='lat' dir='ltr'>nautas</span> <span class='ocrx_word' id='word_1_196' title='bbox 476 1657 625 1690; x_wconf 88' lang='lat' dir='ltr'>occupat</span> <span class='ocrx_word' id='word_1_197' title='bbox 641 1647 852 1681; x_wconf 79' lang='lat' dir='ltr'>miserabiles</span> 
     </span>
    </p>

    <p class='ocr_par' dir='ltr' id='par_1_15' title="bbox 202 1695 996 1739">
     <span class='ocr_line' id='line_1_47' title="bbox 202 1695 996 1739; baseline 0.005 -12"><span class='ocrx_word' id='word_1_198' title='bbox 202 1695 325 1728; x_wconf 83' lang='lat' dir='ltr'>Caecus</span> <span class='ocrx_word' id='word_1_199' title='bbox 341 1720 349 1734; x_wconf 91' lang='lat'><strong>‚</strong></span> <span class='ocrx_word' id='word_1_200' title='bbox 367 1696 400 1728; x_wconf 88' lang='lat'>&amp;</span> <span class='ocrx_word' id='word_1_201' title='bbox 413 1707 431 1728; x_wconf 90' lang='lat' dir='ltr'>e</span> <span class='ocrx_word' id='word_1_202' title='bbox 447 1695 556 1728; x_wconf 81' lang='lat' dir='ltr'>stultis</span> <span class='ocrx_word' id='word_1_203' title='bbox 570 1695 680 1728; x_wconf 85' lang='lat' dir='ltr'>reddit</span> <span class='ocrx_word' id='word_1_204' title='bbox 695 1696 834 1730; x_wconf 86' lang='lat' dir='ltr'>insanos</span> <span class='ocrx_word' id='word_1_205' title='bbox 845 1721 854 1736; x_wconf 86' lang='lat'>‚</span> <span class='ocrx_word' id='word_1_206' title='bbox 869 1707 996 1739; x_wconf 83' lang='lat' dir='ltr'>pavor.</span> 
     </span>
    </p>

    <p class='ocr_par' dir='ltr' id='par_1_16' title="bbox 203 1743 921 1785">
     <span class='ocr_line' id='line_1_48' title="bbox 203 1743 921 1785; baseline 0.003 -9"><span class='ocrx_word' id='word_1_207' title='bbox 203 1743 293 1785; x_wconf 83' lang='lat' dir='ltr'>Quae</span> <span class='ocrx_word' id='word_1_208' title='bbox 308 1745 388 1776; x_wconf 86' lang='lat' dir='ltr'>vela</span> <span class='ocrx_word' id='word_1_209' title='bbox 402 1743 536 1777; x_wconf 83' lang='lat' dir='ltr'>fuerant</span> <span class='ocrx_word' id='word_1_210' title='bbox 549 1745 800 1785; x_wconf 83' lang='lat' dir='ltr'>contrahenda,</span> <span class='ocrx_word' id='word_1_211' title='bbox 818 1744 921 1778; x_wconf 74' lang='lat' dir='ltr'>latius</span> 
     </span>
    </p>

    <p class='ocr_par' dir='ltr' id='par_1_17' title="bbox 204 1792 1031 1935">
     <span class='ocr_line' id='line_1_49' title="bbox 204 1792 1020 1836; baseline 0.002 -12"><span class='ocrx_word' id='word_1_212' title='bbox 204 1792 361 1825; x_wconf 85' lang='lat' dir='ltr'>Tendere</span> <span class='ocrx_word' id='word_1_213' title='bbox 375 1793 550 1834; x_wconf 86' lang='lat' dir='ltr'>laborant,</span> <span class='ocrx_word' id='word_1_214' title='bbox 567 1802 663 1826; x_wconf 85' lang='lat' dir='ltr'>totos</span> <span class='ocrx_word' id='word_1_215' title='bbox 681 1793 714 1826; x_wconf 61' lang='grc' dir='ltr'>ὃς</span> <span class='ocrx_word' id='word_1_216' title='bbox 730 1794 883 1836; x_wconf 83' lang='lat' dir='ltr'>pandunt</span> <span class='ocrx_word' id='word_1_217' title='bbox 899 1793 994 1826; x_wconf 77' lang='lat' dir='ltr'>sinu5</span> <span class='ocrx_word' id='word_1_218' title='bbox 1009 1804 1020 1830; x_wconf 81' lang='lat'>·,</span> 
     </span>
     <span class='ocr_line' id='line_1_50' title="bbox 205 1841 1031 1886; baseline 0.001 -15"><span class='ocrx_word' id='word_1_219' title='bbox 205 1841 405 1883; x_wconf 85' lang='lat' dir='ltr'>Clavusque</span> <span class='ocrx_word' id='word_1_220' title='bbox 416 1867 424 1881; x_wconf 92' lang='lat'>,</span> <span class='ocrx_word' id='word_1_221' title='bbox 443 1842 503 1886; x_wconf 88' lang='lat' dir='ltr'>qui</span> <span class='ocrx_word' id='word_1_222' title='bbox 516 1841 703 1875; x_wconf 57' lang='lat' dir='ltr'>flectendus</span> <span class='ocrx_word' id='word_1_223' title='bbox 720 1841 756 1873; x_wconf 90' lang='lat' dir='ltr'>in</span> <span class='ocrx_word' id='word_1_224' title='bbox 774 1842 929 1875; x_wconf 81' lang='lat' dir='ltr'>dextram</span> <span class='ocrx_word' id='word_1_225' title='bbox 946 1841 1031 1882; x_wconf 85' lang='lat' dir='ltr'>fuit,</span> 
     </span>
     <span class='ocr_line' id='line_1_51' title="bbox 204 1887 1001 1935; baseline 0 -13"><span class='ocrx_word' id='word_1_226' title='bbox 204 1887 404 1935; x_wconf 80' lang='lat' dir='ltr'>Torquetur</span> <span class='ocrx_word' id='word_1_227' title='bbox 419 1890 455 1924; x_wconf 84' lang='lat' dir='ltr'>in</span> <span class='ocrx_word' id='word_1_228' title='bbox 468 1889 638 1925; x_wconf 83' lang='lat' dir='ltr'>sinistram</span> <span class='ocrx_word' id='word_1_229' title='bbox 649 1915 658 1932; x_wconf 88' lang='lat'>,</span> <span class='ocrx_word' id='word_1_230' title='bbox 675 1891 707 1924; x_wconf 86' lang='lat'>&amp;</span> <span class='ocrx_word' id='word_1_231' title='bbox 721 1890 891 1935; x_wconf 80' lang='lat' dir='ltr'>impetum</span> <span class='ocrx_word' id='word_1_232' title='bbox 903 1888 1001 1933; x_wconf 76' lang='lat' dir='ltr'>juvat</span> 
     </span>
    </p>
   </div>
   <div class='ocr_carea' id='block_1_11' title="bbox 975 2204 1225 2367">
    <p class='ocr_par' dir='ltr' id='par_1_18' title="bbox 975 2204 1225 2367">
     <span class='ocr_line' id='line_1_52' title="bbox 975 2204 1225 2367; textangle 90"><span class='ocrx_word' id='word_1_233' title='bbox 975 2204 1225 2367; x_wconf 12' lang='lat' dir='ltr'>t*</span> 
     </span>
    </p>
   </div>
  </div>
 </body>
</html>
