1268 2361
126 121 295 164 LIBER
330 127 591 162 DECIMUS
629 125 912 171 QUARTUS.
953 131 1045 179 339

50 199 86 234 N
89 198 164 234 orat
175 199 385 243 pulchellam
395 224 405 240 ‚
420 209 494 231 non
509 197 671 231 meminit
684 197 717 230 se
735 197 904 240 debilem,

10 272 12 281 ,
52 248 217 293 Opisque
231 259 395 293 egenam,
410 246 641 291 plurimisque
656 245 793 279 casibus

53 296 262 329 Obnoxiam
277 295 345 330 effe
359 309 367 329 ε
383 295 493 340 coepit
508 306 591 339 ergo
604 320 613 335 ,
628 294 662 327 id
676 296 771 338 quod
787 294 894 330 nimis

53 344 229 378 Usuvenit
247 345 372 389 puellis
387 370 396 385 ,
413 344 481 377 flos
496 344 621 388 quibus
636 342 684 376 est
700 353 799 376 tener

52 393 201 433 AEtatis,
219 393 431 426 insolentem
448 403 571 435 capere
588 391 811 435 superbiam:

53 440 198 486 Istaeque
210 467 219 482 ‚
233 441 324 474 dixit
334 467 342 478 .
357 442 508 474 Arbores
526 441 652 473 vetulae
670 441 745 473 duae
760 465 770 481 ,

55 489 147 532 Quae
163 491 272 523 molle
291 488 448 522 nostrum
463 488 545 522 hinc
562 488 641 522 inde
655 488 794 532 sepiunt
810 489 898 523 latus
913 493 927 531 ,“

53 537 172 580 Quam
186 549 260 571 non
272 537 419 571 honesto
437 537 631 570 occalluere
648 537 780 570 cortice
797 540 805 572 !

52 586 97 619 Et
113 587 172 620 illa
188 586 290 620 densa
306 587 419 630 capita
436 585 539 630 quam
555 584 679 619 inscite
698 596 821 630 gerunt
838 589 847 620 l

55 635 278 678 Umbrasque
300 634 409 678 porro
425 635 591 679 spargunt
602 660 611 674 ‚
629 644 663 667 at
677 633 782 678 quam
797 635 926 669 luridas
938 660 948 676 ‚

56 681 243 727 Quamque
259 682 413 716 inficetis
427 707 437 724 ‚
454 682 628 727 quamque
643 683 867 717 horrentibus
881 684 993 717 comis
1012 687 1022 719 !

55 731 150 764 Mihi
167 742 285 764 tamen
300 733 394 764 ultro
415 731 564 775 spatium
581 732 664 764 dent
675 755 684 771 ‚
699 731 766 775 qua
781 731 815 764 se
828 732 897 766 hoc
910 743 1029 767 meum

55 779 196 825 Erigere
214 780 251 812 in
267 790 366 814 auras
379 779 559 813 frondium
576 779 692 823 possit
705 781 822 813 decus.

55 828 194 874 Negant
209 830 222 862 ἓ
236 828 335 861 viam
350 828 390 861 vi
406 827 495 861 mihi
510 827 635 862 faciam
649 840 659 862 ε
677 827 829 861 nitidum
846 838 950 873 caput

54 876 226 911 Attollam
237 902 245 916 ‚
261 887 450 921 earumque
466 877 613 910 obruam
630 876 772 910 miseras
787 887 888 921 opes.

109 925 327 958 convicium
343 925 412 958 illae
429 925 584 958 sentiunt
595 951 605 966 ‚
622 925 656 958 ὅ(
673 925 883 959 mussitant:

57 973 195 1007 Interea
210 972 298 1007 vero
314 974 352 1006 in
365 985 517 1007 vacuum
528 999 538 1014 ,
556 975 651 1018 quod
663 974 855 1018 reliquerat

58 1022 226 1056 Emortua
239 1022 341 1055 soror
354 1047 369 1063 ‚>
382 1031 548 1066 tanquam
565 1022 816 1056 hereditarium
826 1047 837 1063 ‚

59 1070 192 1103 Venire
206 1080 397 1115 properant
411 1083 419 1104 :
435 1072 542 1104 altera
555 1070 661 1115 igitur
677 1072 826 1104 alteram

59 1118 165 1152 Adire
176 1145 184 1159 ,
200 1120 304 1152 ramis
318 1119 472 1152 invicem
490 1119 754 1152 occurrentibus
770 1145 780 1160 ,

55 1167 231 1200 Nituntur
246 1178 357 1212 usque
375 1167 410 1200 &
425 1178 537 1212 usque
547 1193 558 1208 ‚
573 1169 655 1200 dum
670 1166 896 1202 commerciis

59 1214 213 1249 Immiffa
229 1216 369 1249 brachi-a
382 1218 513 1249 mutuis
527 1215 777 1257 conjunxerint
791 1227 799 1249 ε

62 1263 156 1296 Tum
166 1289 175 1304 ‚
192 1264 442 1307 complicantes
456 1264 541 1297 folia
556 1264 594 1296 in
610 1274 746 1297 morem
761 1263 908 1298 fornicis
922 1289 934 1305 ‚

61 1311 219 1344 Omnem
233 1311 460 1355 intercipiunt
474 1312 567 1345 Solis
581 1311 849 1345 beneficentiam
861 1337 870 1352 ‚

62 1359 276 1403 Umbrisque
293 1361 414 1404 gelidis
431 1361 577 1404 desuper
596 1360 879 1394 incumbentibus

63 1406 197 1440 Frustra
215 1408 442 1442 reluctantem
458 1409 665 1454 opprimunt
676 1409 900 1443 Arbusculam
911 1434 922 1450 ‚

14 1475 15 1478 =
66 1456 278 1500 Coguntque
296 1458 371 1491 tabe
388 1458 537 1502 denique
552 1456 730 1490 contracta
744 1457 849 1491 mori.

114 1503 251 1548 Scripta
268 1504 316 1539 est
331 1505 487 1551 superbis
500 1506 614 1540 fabula
629 1504 908 1541 adolescentulis.
