1268 2361
149 135 318 181 LIBER
352 145 613 179 DECIMUS
647 144 923 190 QUINTUS.
963 135 1051 195 369

69 229 449 257 ·n=-—-==—

455 213 788 254 cmx-go‘ffasm*

544 244 571 262 υ
601 243 709 249 ,ᾕ-
711 245 813 249 -w

223 304 254 348 F
285 304 325 348 A
361 301 394 347 B
433 302 477 348 U
513 302 549 346 L
581 302 617 347 A
694 299 740 346 X
773 301 816 345 V
848 303 880 347 Ι.

333 397 539 441 Columbae
571 401 614 449 δ’
643 397 785 443 Retia.

977 226 1047 249 ...2.

64 470 155 549 ἐξ,
171 521 191 546 Β
208 522 292 556 agro
311 511 498 544 Columbas
515 509 647 544 subitus
663 512 845 554 expulerat
860 511 975 557 fragor
990 525 998 547 :

62 560 189 595 Densae
204 560 398 598 volabant3
415 561 564 603 cumque
581 570 654 592 non
670 559 807 602 poffent
823 560 904 594 satis

61 610 254 643 Advertere
271 610 372 642 dolos
389 634 398 649 ‚
415 607 527 642 nimio
543 609 706 652 perculsae
722 619 817 642 metu
834 635 842 650 ,

61 658 106 692 In
122 659 227 691 obvia
243 668 349 690 ruunt
364 657 550 691 inscientes
565 656 670 695 retia3

61 708 264 751 Captasque
282 707 315 739 se
333 717 456 739 omnes
474 705 627 738 sentiunt
644 705 748 738 simul
767 706 800 739 ὅ(
817 716 959 751 gemunt
975 719 984 741 ς

63 755 159 788 Mox
176 755 399 798 impatientes
413 753 517 787 tristis
534 753 720 787 infortunii

62 803 273 844 Luc‘iantun
293 804 326 836 &
343 803 450 836 salute
468 813 614 846 quaeque
630 814 694 846 pro
708 802 767 835 sua

62 853 251 898 Exagitant
265 853 334 885 sese
350 851 488 896 quantis
506 850 645 895 poffunt
657 851 791 884 viribus
806 863 815 885 τ

64 901 132 935 Sed
148 902 339 935 allaborant
356 901 505 933 multum
522 927 530 939 ‚
546 899 736 944 proficiunt
754 899 840 933 nihil
856 911 866 938 ⁶,

63 950 227 994 Namque
243 949 308 982 alia
327 950 408 982 dum
426 950 572 982 molitur
587 948 624 981 in
638 950 794 982 dextram
811 949 981 992 impeturn
993 975 1003 991 ,

65 998 145 1031 Alia
161 999 199 1031 in
217 997 388 1032 sinistram
405 997 536 1030 tendit:
554 998 648 1041 quod
666 997 744 1030 cum
761 998 958 1031 adverteret

66 1046 271 1090 Sapientior
286 1058 353 1079 una
369 1045 493 1079 ceteris
511 1058 519 1079 t
538 1046 661 1079 Vanos
673 1072 681 1087 ‚
699 1046 747 1078 ait
761 1072 770 1086 ‚

68 1095 166 1138 Quid
177 1122 186 1136 ,
203 1107 225 1129 o
243 1096 380 1128 sorores
392 1121 401 1135 ‚
419 1105 566 1128 conatus
582 1094 785 1128 effunditis?

68 1144 202 1188 Nequit
219 1143 277 1177 iste
296 1155 412 1177 carcer
428 1142 538 1187 frangi
553 1169 561 1183 ,
577 1143 633 1176 sed
651 1143 730 1176 tolli
747 1141 859 1186 potest
874 1156 884 1181 ·‚

17 1218 19 1229 <
69 1193 219 1237 Nosque
235 1193 339 1225 simul
357 1193 498 1225 avolare
515 1202 594 1224 cum
610 1191 687 1234 ipso
704 1191 882 1235 postumus
897 1217 907 1232 ,

72 1241 233 1275 Consilia
243 1240 272 1274 si
289 1238 397 1274 modo
415 1251 490 1273 mea
504 1251 577 1272 non
592 1239 710 1284 pigeat
726 1240 838 1284 sequi.

70 1290 140 1323 Hic
157 1300 235 1322 nata
252 1288 367 1322 subito
383 1288 430 1321 cst
446 1299 571 1341 magna
589 1288 774 1321 curiositas
793 1314 802 1330 ‚

72 1338 331 1382 Silentiumque
345 1337 441 1370 fecit.
461 1338 523 1370 Illa
540 1336 592 1369 sic
606 1337 730 1369 dehinc

73 1386 324 1430 Prosequitur:
344 1386 385 1418 In
401 1396 444 1418 eo
462 1384 575 1418 nostra
592 1384 743 1418 vertitur
758 1385 847 1418 salus
865 1411 876 1426 ,

73 1435 141 1468 His
157 1435 186 1468 si
200 1435 290 1467 locis
305 1460 314 1474 ,
333 1445 554 1477 quocumque
570 1433 708 1466 licuerit
724 1435 831 1466 modo
843 1460 851 1474 ‚

73 1483 264 1517 Discedere
275 1508 284 1523 ,
302 1493 344 1515 ne
361 1482 538 1526 capiamur
553 1481 670 1515 hostili
687 1493 791 1514 manu
807 1508 816 1523 ,

77 1532 309 1576 Properemus
327 1543 335 1564 :
354 1531 472 1574 itaque
488 1531 626 1571 vincla,
644 1542 719 1574 quae
736 1541 802 1563 nos
818 1530 976 1564 detinent

77 1580 209 1614 Misere
228 1579 413 1623 impeditas
425 1605 434 1620 ‚
448 1581 606 1623 linquere
627 1579 795 1623 quoniam
813 1579 859 1612 est
877 1579 970 1613 nefas
987 1606 997 1622 ,

79 1629 271 1662 Tentemus
284 1653 293 1668 ,
311 1639 429 1661 annon
446 1628 518 1672 ipsa
534 1628 715 1661 nobiscum
735 1639 863 1672 queant

49 1717 53 1720 ⁴
78 1677 174 1712 Ferri
189 1676 271 1709 hinc
287 1687 349 1720 per
362 1687 481 1710 auras:
502 1687 616 1720 neque
630 1675 770 1709 fortafl‘e
786 1688 840 1710 res
858 1677 908 1709 ita

80 1725 246 1759 Difficilis
262 1724 365 1757 fuerit
384 1737 390 1757 :
411 1725 522 1758 immo
539 1725 677 1758 felicem
694 1725 831 1758 exitum

84 1773 295 1808 Promittere
315 1773 426 1806 ausim
437 1799 446 1813 ,
461 1775 543 1806 dum
557 1772 783 1806 studuerimus
801 1783 900 1817 pares
916 1798 925 1815 ,

91 1822 235 1866 Sibique
252 1820 397 1854 minime
413 1822 647 1864 discrepantes
661 1821 815 1865 impetus

88 1870 256 1903 Conferre
270 1869 307 1902 in
323 1880 442 1903 unum.
461 1869 565 1902 Dicta
583 1869 712 1903 cunstae
730 1870 984 1914 comprobant3

87 1918 130 1954 Et
145 1929 221 1964 quae
234 1918 422 1953 consilium
439 1917 630 1963 impertiit,
648 1918 729 1953 fac'ti
745 1920 869 1952 ducem

808 1967 893 2010 Qv
