1303 2398
209 130 245 157 x
416 116 998 177 PRAEFATIO.

208 193 326 233 ambo
351 196 440 235 cura
460 210 574 253 atque
597 203 773 244 industria
790 238 801 255 ‚
826 207 1060 262 scripserunt.
1085 213 1206 267 Quid·

145 250 152 255 “
209 261 328 298 porro
347 253 507 306 contigit
526 255 540 294 ?
564 269 768 307 utrumque
790 261 911 302 fetum
933 269 1039 305 annis
1060 269 1198 310 abhinc

205 301 379 343 ducentis
399 308 536 347 eruditi
554 310 714 351 lectores
735 317 966 358 evolverunt
983 350 994 368 ‚
1016 321 1056 360 &
1075 324 1200 363 admi-

204 357 272 394 rati
298 356 404 397 sunt:
429 363 549 400 critici
577 364 726 417 sagaces
755 370 1018 420 excufferunt3
1059 376 1102 414 &
1130 379 1196 430 qui

202 408 426 451 latinitatem
455 416 491 453 in
520 417 706 471 plerisque
734 437 905 475 argentm
927 456 937 472 ,
971 441 1085 480 quam
1115 446 1195 470 vo·-

201 474 288 501 cant
302 495 314 512 ‚
338 469 456 505 aetatis
478 469 720 522 scriptoribus
741 477 896 526 paulurn
917 480 965 518 de
986 480 1079 521 statu
1104 487 1190 536 pri—

195 513 294 555 stino
316 519 572 562 declinantem
592 528 940 572 animadverterant
953 563 966 582 ‚
985 538 1052 574 vix
1073 539 1191 590 quid-

195 583 313 620 quam
330 602 342 620 ,
368 576 472 626 quod
497 591 574 616 non
597 593 749 620 aetatem
771 600 916 624 auream
941 591 1102 629 omnino
1125 606 1191 632 re-

194 623 345 664 doleret
365 657 377 674 ,
399 629 437 666 in
461 630 530 668 hac
555 636 660 672 omni
684 635 886 688 scriptione
910 640 1185 694 deprehende-

192 690 293 717 runt.
317 679 456 733 Neque
477 684 736 735 objiciendum
761 692 872 731 nobis
896 693 949 733 est
964 725 976 743 ,
1000 697 1101 736 illam
1124 701 1187 752 ip-

189 729 266 770 sam
289 746 367 772 non
390 736 621 778 idoneorum
644 742 716 782 effe
738 742 908 794 judicum
928 752 1184 802 approbatio-

188 797 278 823 nem
303 799 314 832 ;
349 791 492 842 quippe
520 794 584 844 qui
612 807 689 833 tam
720 810 843 839 errare
871 802 909 839 in
938 803 1180 854 dijudicanda

186 836 370 881 latinitate
387 872 398 890 ,
428 845 542 896 quam
566 847 619 886 isti
643 850 681 887 in
702 850 817 892 latine
841 853 1041 897 scribendo
1061 888 1072 907 ,
1098 875 1178 912 po—

188 894 342 933 tuerint.
366 895 409 933 In
434 911 474 937 re
499 902 599 939 enim
626 902 920 958 hujuscemodi,
946 925 1031 963 quae
1056 915 1179 954 ratio-

184 958 276 984 nem
294 947 494 990 hominurn
513 968 554 992 ac
573 955 807 1009 diligentiam
825 964 984 1004 minime
1004 966 1175 1019 superat,

181 1011 346 1039 erratum
374 1006 550 1046 universe
579 1009 682 1050 fuiffe
711 1016 801 1052 totis
833 1016 1004 1058 ducentis
1035 1024 1141 1062 annis
1161 1053 1174 1073 ,

178 1055 386 1095 verisimile
402 1072 479 1097 non
497 1060 561 1100 est.
578 1062 704 1114 Quod
720 1079 761 1105 ut
777 1069 1024 1111 confirmetur
1041 1088 1175 1123 exem-

179 1106 250 1156 plis
272 1138 283 1155 ‚
319 1123 449 1151 nonne
477 1113 547 1154 hos
574 1118 669 1156 intra
699 1119 886 1162 ducentos
918 1139 1040 1167 annos
1069 1128 1170 1171 stilus

175 1159 377 1213 Lipsianus
393 1195 405 1213 ,
428 1179 542 1218 quem
567 1169 687 1210 statim
709 1177 914 1227 amplexati
939 1179 1022 1220 sunt
1043 1182 1170 1223 imita-

175 1224 278 1254 tores
300 1220 456 1269 pessimi
479 1225 696 1275 complures
714 1257 724 1275 ‚
750 1243 843 1267 rnox
866 1246 887 1270 a
909 1236 1040 1285 peritis
1063 1235 1166 1288 judi-

174 1268 281 1308 cibus
306 1272 406 1311 reste
431 1274 629 1318 damnatus
655 1279 708 1319 est
729 1281 742 1319 ?
761 1282 905 1324 Nonne
929 1286 1134 1330 Tbuanum
1150 1323 1163 1342 ‚

170 1334 304 1363 nonne
323 1325 496 1366 Stradam
515 1360 527 1377 ‚
554 1346 684 1373 nonne
706 1335 799 1376 alios
816 1368 827 1385 ‚
857 1341 921 1391 qui
944 1345 1056 1382 tantis
1081 1347 1161 1397 pri-

169 1377 276 1415 murn
308 1379 481 1422 laudibus
513 1390 663 1438 excepti
695 1388 842 1429 fuerant
863 1422 875 1440 ,
912 1394 1166 1445 postmodum⁴

166 1431 472 1473 animadversum
501 1437 580 1486 est,
607 1453 686 1480 non
711 1442 783 1482 esse
807 1445 1155 1491 latinitatis'auc'to-

166 1495 226 1521 res
249 1485 312 1523 vel
336 1486 421 1526 satis
449 1491 635 1542 ingenuos
656 1524 668 1542 ‚
695 1497 757 1534 vel
783 1500 898 1537 etiam
926 1501 1011 1541 satis
1037 1519 1155 1544 accu—

162 1538 295 1576 ratos?
316 1551 427 1592 atque
444 1572 455 1590 ‚
479 1556 519 1581 ut
540 1559 706 1587 meamet
726 1550 803 1601 ipse
825 1555 955 1593 vineta
979 1558 1122 1599 caedam
1139 1591 1152 1609 ‚

158 1602 290 1630 nonne
314 1592 379 1631 has
405 1594 559 1637 fabellas
579 1629 590 1647 ‚
621 1614 711 1652 quas
733 1617 984 1657 properanter
1003 1612 1115 1652 nimis
1134 1641 1148 1660 ,

155 1655 368 1697 parumque
391 1651 627 1692 considerate
646 1685 656 1702 ‚
676 1655 790 1696 semel
808 1689 821 1705 ,
844 1672 958 1713 atque
980 1664 1117 1704 iterum
1133 1696 1145 1714 ,

155 1708 270 1748 atque
298 1701 410 1739 tertio
439 1703 475 1741 in
505 1706 627 1744 lucem
656 1711 795 1759 emisi,
830 1719 1043 1768 recognovi
1073 1719 1144 1760 de-

154 1762 264 1789 mum
283 1782 294 1799 ,
325 1753 366 1792 &
393 1770 491 1795 nunc
519 1759 642 1800 offero
670 1764 830 1804 meliore
850 1796 863 1814 ‚
893 1781 935 1806 ut
962 1773 1101 1822 opinor
1128 1803 1151 1821 ‚r

151 1801 238 1842 stilo
266 1807 478 1849 retractatas
501 1842 513 1860 ‚
545 1828 567 1851 a
597 1817 752 1856 maculis
781 1821 898 1858 etiam
929 1825 1138 1864 vindicatas

150 1860 342 1899 nonnullis
361 1891 373 1911 ,
402 1878 494 1916 quas
519 1867 659 1907 incuria
686 1870 809 1911 nostra
831 1873 979 1916 fuderat
1001 1878 1014 1916 ἓ
1044 1879 1140 1918 Ve-

1296 208 1301 259 l
