1268 2361
163 120 332 165 LIBER
362 129 625 164 DECIMUS
660 128 935 174 QU1NTUS.
976 133 1059 180 371

90 205 534 243 .·e—-—-.———z”*·
626 210 1059 237 ἓξὲξ-’239-

237 285 595 332 FABULA
661 284 903 332 XVIII.

442 381 576 426 Canes
602 383 701 426 duo.

132 453 163 478 Ἰ.

132 479 143 490 .

66 453 137 529 η(
169 506 183 530 1
194 505 219 530 'r
232 505 256 530 Α
269 504 304 529 Μ
326 494 452 540 aliquis
469 496 597 540 degens
612 495 771 530 rusticam
782 523 791 539 ‚
808 497 918 532 Canes
934 497 1023 532 duos

73 545 252 586 Habebat,
269 545 368 578 annis
385 545 493 578 ferme
511 545 545 578 &
561 545 705 590 ingenio
723 557 821 590 pares
836 559 845 581 z

72 593 225 627 Instituit
243 605 350 627 unum
368 594 405 626 in
422 603 492 627 arte
510 595 661 627 venandi
679 607 688 632 ·‚
706 597 855 629 alterum

72 642 241 676 Residere
257 642 374 676 voluit
389 668 398 683 ,
413 643 447 675 &
463 642 529 676 effe
545 642 721 676 custodem
737 645 874 680 domus.

73 691 145 726 Hic
162 691 270 736 pori-‹¹›
288 691 450 736 quamvis
467 692 545 724 otio
559 702 674 724 torum
692 693 784 726 diem

74 740 282 785 Somnoque
297 741 386 784 saepe
401 740 435 773 &
448 740 572 784 saepius
589 741 811 774 consumeret
822 767 830 781 ‚

75 788 113 821 Si
131 800 233 833 quam
249 799 365 822 tamen
380 789 482 822 herus
501 800 568 832 ope
584 789 689 822 Canis
706 790 860 824 venatici

74 835 228 871 Praedam
244 837 381 882 potitus
397 836 480 871 effer
492 864 500 877 ,
516 839 558 870 ad
571 838 781 872 convivium

74 885 293 920 Invitabatur
306 913 315 928 ‚
333 897 372 920 ut
387 886 567 927 omnium,
586 898 662 931 quae
684 887 813 932 projici

73 934 242 969 Solebam
252 960 261 976 ,
275 934 375 969 fieret
389 935 612 979 reliquiarum
627 936 813 980 particeps.

74 982 271 1018 Venaticus
288 994 405 1017 autern
421 984 456 1017 id
472 984 610 1017 intuens
623 1010 632 1025 ‚
652 985 805 1029 graviter
821 984 900 1018 tulit
914 997 924 1020 ε

75 1031 199 1076 Teque
210 1058 219 1074 ‚
236 1033 286 1066 ait
297 1059 306 1074 ‚
320 1044 364 1066 an
380 1044 518 1077 aequum
532 1032 579 1066 est
590 1059 598 1074 ,
616 1033 751 1066 otiosus
766 1033 825 1078 qui
839 1034 937 1067 domi

75 1080 221 1114 Resides
233 1107 243 1122 ,
259 1081 398 1114 eosdem
415 1082 594 1125 percipere
611 1093 749 1115 mecum
767 1083 865 1115 cibos
881 1109 891 1123 ‚

77 1129 194 1172 Quem
207 1156 214 1170 ‚
230 1130 398 1174 quidquid
414 1130 496 1163 anni
512 1130 610 1163 varia
624 1130 806 1175 tempestas
823 1132 932 1172 ferat,

77 1177 144 1211 Per
159 1178 278 1212 devias
294 1174 474 1212 convalles
486 1205 494 1219 ‚
510 1190 572 1223 per
584 1178 664 1223 juga
678 1181 856 1213 montium
870 1205 879 1220 ,

76 1225 143 1260 Per
159 1238 302 1260 nemora
317 1253 326 1269 ‚
344 1239 405 1271 per
422 1238 523 1272 agros
540 1228 645 1260 durus
662 1238 802 1262 exercet
817 1230 917 1262 labor
931 1230 944 1261 ?

78 1275 132 1308 Ad
145 1276 221 1308 haec
237 1275 377 1320 quietus
394 1276 506 1309 custos
523 1288 531 1309 ε
548 1275 679 1317 Iniuste
696 1276 780 1310 facis
795 1302 804 1317 ‚

79 1324 124 1356 Et
140 1325 232 1368 quod
250 1335 306 1357 me
323 1325 458 1358 accusas
469 1350 479 1365 ,
495 1324 570 1357 sum
581 1351 590 1364 ,
608 1325 724 1369 inquit
736 1351 745 1367 ,
761 1335 861 1358 extra
877 1323 1038 1360 noxiam.

78 1372 281 1406 Laboriosis
296 1373 432 1406 erudire
450 1384 505 1406 me
522 1373 650 1406 artibus

78 1420 176 1454 Hero
194 1423 344 1465 placeret
359 1448 369 1463 ‚
385 1423 444 1455 has
461 1421 572 1455 libens
590 1421 800 1457 addiscerem
817 1435 826 1460 3

79 1470 203 1514 Neque
215 1495 224 1510 ‚
239 1469 342 1514 quam
358 1481 415 1510 tu,
432 1471 581 1514 opinor,
592 1470 713 1504 ,minsis
729 1471 876 1505 idoneus
890 1472 1028 1506 forem:

80 1518 128 1550 At
142 1517 200 1551 ine
214 1519 330 1552 voluit
344 1519 514 1563 placidius
529 1519 613 1552 vitae
630 1531 739 1564 genus

80 1566 143 1599 Me
156 1568 271 1600 colere
287 1579 295 1599 :
311 1569 462 1601 docilem
479 1568 617 1602 invenit
633 1581 641 1601 ι
657 1568 739 1601 hinc
757 1569 844 1602 mihi
859 1595 868 1612 ‚
881 1579 920 1603 ut
934 1568 999 1603 tibi
1012 1594 1023 1611 ‚

80 1614 197 1658 AEque
214 1615 383 1662 benignus
395 1643 405 1657 ,
422 1618 618 1650 mercedem
633 1617 740 1651 officii
753 1629 872 1661 parem

85 1663 278 1706 Rependit‚
295 1665 376 1709 quia
392 1676 452 1709 par
466 1666 602 1699 animus
616 1667 773 1699 officium
790 1667 892 1711 regit.

132 1711 227 1746 Facit
239 1712 299 1747 ille
312 1714 459 1748 multum
471 1740 480 1755 ‚
498 1714 558 1759 qui
572 1715 655 1748 facit
671 1715 818 1748 domino
836 1715 928 1749 satis.

484 1833 660 1870 ⁹300&-
