1268 2361
221 88 464 137 'LIBER
523 98 897 145 QUARTUS.
991 83 1053 150 ὃς

455 167 785 216 ..Αὲῃᾛιὲέξ
1018 177 1044 204 ὓ

256 256 650 302 FABULA
724 254 858 301 XV.

304 354 479 397 Avarus
499 348 542 396 δ’
568 350 814 394 Thesaurus.

67 422 172 501 Tu
185 476 233 500 Es
246 475 271 500 Α
283 475 310 500 u
323 475 348 500 R
358 475 385 500 υ
399 475 433 498 M
449 466 588 499 Avarus
604 463 698 499 fossa
714 464 916 498 condiderat
927 463 1057 500 humo:

69 516 187 559 Quem
202 516 257 549 fur
273 517 425 549 odorans
443 514 587 558 quaerit,
604 513 742 547 invenit
756 539 765 554 ‚
781 513 887 557 rapit.

69 564 133 598 Ille
150 564 257 610 igitur
271 565 341 597 huc
356 564 515 597 reversus
530 589 538 604 ‚
557 573 595 596 ut
610 564 729 596 locum
745 563 843 595 videt

71 612 235 646 Vacuum
250 639 261 654 ‚
277 613 474 646 exsecratur
489 610 653 645 omnibus
671 611 799 644 sortem
817 609 944 644 modis.

0 693 1 715 ἢ
71 660 164 695 Tum
182 662 322 706 quidam
338 661 473 706 sapiens
491 673 500 694 z
519 661 615 702 Quid
629 686 637 699 ‚
656 661 723 700 ait,
740 659 906 693 incassum
923 657 1008 693 furis
1022 659 1039 693 ἒ

24 744 25 747 ,
71 710 145 743 Ubi
161 712 296 754 pondus
314 721 389 743 aurr
404 709 516 742 sterile
533 709 697 753 posueras
712 733 722 748 ‚
739 708 786 740 ibi

3 766 7 794 t
69 757 215 802 Repone
231 758 406 803 lapidem3
423 757 488 791 tibi
503 759 720 790 tantumdem
736 756 903 800 proderit.

122 807 198 840 Tam
215 809 295 849 deest
308 809 418 839 Avaro
436 809 517 850 quod
531 807 640 844 hal-et,
658 808 745 849 qudm
762 807 843 849 quod
856 817 918 837 non
934 803 1042 838 habet.

198 913 225 937 -ᾳ
516 895 604 942 5⁴82·-
616 902 928 932 ἕξων

233 993 631 1040 FABULA
714 993 905 1040 XVI.

300 1092 447 1151 Lupus
463 1091 606 1151 filium
633 1092 838 1137 erudiens.

71 1163 146 1242 L
159 1214 186 1240 U
198 1215 218 1239 Ρ
230 1215 257 1239 υ
268 1214 284 1239 s
301 1205 438 1240 erudire
454 1205 567 1239 filium
579 1232 589 1246 ,
601 1205 717 1238 visum
735 1204 800 1238 sibi

49 1266 54 1268 “
73 1255 192 1290 Nimis
212 1255 366 1288 ferocem
382 1280 391 1295 ,
407 1254 527 1287 voluit
543 1255 584 1286 ad
599 1264 715 1286 mores
731 1254 845 1286 bonos
862 1263 871 1286 :

35 1328 40 1346 v.
73 1303 230 1344 Generi,
247 1303 362 1347 inquit
373 1328 382 1344 ,
399 1302 516 1336 nostro
533 1304 641 1336 multa
657 1302 757 1334 multi
772 1300 979 1334 existimant

10 1365 40 1400 ³.'
75 1352 160 1389 Jure
176 1352 402 1396 exprobrari,
418 1351 521 1396 digna
537 1351 695 1394 turpibus
713 1350 808 1383 notis
828 1363 837 1384 :

15 1402 28 1431 .’ῑ
77 1402 172 1435 Saevi
187 1427 196 1441 ‚
214 1411 353 1445 rapaces
370 1426 378 1441 ‚
393 1397 494 1434 furtis
511 1409 615 1445 atque
632 1400 784 1433 caedibus

77 1449 211 1484 Affueti
224 1450 348 1482 vivere
364 1451 518 1482 latrones
530 1475 538 1489 ‚
555 1448 644 1493 Lupi
660 1449 825 1481 audiunt:

76 1499 154 1533 Nos
170 1499 297 1532 talibus
313 1498 470 1542 plerique
486 1497 687 1530 nominibus
705 1506 829 1530 notant
843 1507 854 1534 3

78 1547 137 1588 Et,
159 1548 189 1581 si
205 1546 305 1581 fateri
322 1548 416 1591 quod
432 1558 485 1579 res
502 1546 549 1579 est
565 1545 666 1579 nobis
682 1546 764 1578 licet
778 1571 787 1586 ‚

79 1596 113 1630 A
126 1596 274 1630 veritate
291 1606 364 1628 non
380 1596 539 1628 aberrant
556 1594 758 1638 plurimum.

80 1645 188 1687 Quod
203 1654 242 1680 ut
257 1644 385 1677 refutes
400 1669 410 1684 ‚
426 1655 505 1676 nate
517 1669 526 1683 ,
542 1644 724 1676 moderato
740 1652 804 1676 tuo

80 1693 240 1727 vivendi
257 1703 354 1725 more
369 1718 379 1733 ,
397 1693 430 1724 ὅ(
445 1692 618 1736 exemplis
634 1718 642 1732 ,
659 1691 824 1736 quantum
842 1698 942 1734 potes
954 1714 965 1730 7

84 1741 219 1776 Sanstis
232 1767 240 1782 ‚
256 1741 290 1773 &
306 1740 406 1774 omni
421 1740 514 1775 furto
530 1767 540 1781 ‚
555 1741 672 1774 fraude
689 1739 896 1773 vacantibus
913 1764 924 1779 ‚

84 1790 222 1825 Falsum
238 1788 305 1823 effe
320 1790 457 1822 tandem
476 1788 630 1822 ostendas
641 1815 650 1829 ‚
666 1799 699 1820 te
714 1787 865 1820 multum
882 1797 1022 1831 precor.

0 1836 5 1842 ’
34 1875 39 1878 .
86 1838 172 1872 Hac
187 1837 318 1880 juniori
336 1837 472 1870 causam
489 1837 709 1881 plausibilem
726 1837 827 1879 Lupo
843 1862 852 1877 ,

85 1887 128 1922 Et
142 1886 322 1929 honestam
337 1887 464 1922 habere
481 1886 611 1920 credita
627 1884 675 1919 est
690 1884 805 1919 oratio
822 1897 834 1924 ·‚
