1268 2361
47 193 159 230 Fuiss‘e
177 205 321 240 propter
337 195 446 229 solam
463 194 714 240 negligentiam

48 245 198 278 Domini
214 244 342 288 prioris
353 270 362 285 ,
378 255 489 288 usque
500 269 508 283 ,
526 244 559 276 &
573 254 684 287 usque
698 243 792 276 hunc
805 241 928 276 institit

47 293 180 326 Lavare
191 319 201 335 ,
218 294 328 327 donec
341 292 529 326 immodica
543 292 690 325 vexatio

47 341 226 386 Languere
243 342 407 375 miserum
419 367 429 381 ‚
445 352 484 374 ac
501 341 650 384 denique
668 339 785 386 coegit
800 339 905 373 mori.

96 391 281 437 corrigere
297 391 358 436 qui
370 392 448 424 vult
464 400 622 423 naturam
633 415 643 430 ,
659 389 866 433 AEthiopem
879 390 991 425 lavat.

182 498 206 521 Q
448 482 906 529 ἓῇξρἐπε·

173 567 525 612 FABULA
586 565 906 612 XXXIV.

451 663 623 723 szscae.

44 731 119 810 E
135 786 156 810 1-
167 786 186 810 ι-·
199 785 226 810 υ
237 785 253 810 s
266 785 291 810 A
309 776 423 811 mellis
440 775 543 821 copia
560 775 607 810 est
621 790 630 810 :
643 776 775 811 Muscae
791 777 959 811 advolant
974 789 984 811 z

42 823 244 859 Pascuntur.
262 827 308 858 At
323 836 410 859 mox
426 825 604 870 impeditis
620 825 777 862 cruribus

43 872 217 907 Revolare
227 885 418 919 nequeunt.
430 875 520 908 Heu!
532 874 707 916 miseram,
717 874 894 919 inquiunt,
902 874 1035 911 vicem!

43 921 152 956 Cibus
166 922 226 956 iste
240 924 387 956 blandus
404 923 466 969 qui
482 924 628 968 pellexit
644 923 817 965 suaviter,

41 970 147 1006 Nunc
162 971 402 1006 fraudulentus
419 972 523 1017 quam
541 973 727 1008 crudeliter
743 982 843 1006 necat
862 975 870 1007 Σ

89 1019 225 1054 Perfida
240 1022 406 1067 voluptas
422 1022 538 1055 fabula
552 1022 616 1055 hac
632 1021 844 1068 depingitur.

0 138 7 484 Ι
233 114 461 158 LIBER
523 123 875 158 TERTIUS.
975 114 1039 174 67

0 558 5 667 l

0 709 4 747 l

0 750 5 1018 i

0 1028 3 1158 ἔ
174 1114 900 1163 -εξὲῆῗρ-ἐ--ε-ε-Δο

0 1220 3 1241 l

164 1210 196 1256 F
222 1210 258 1256 A
293 1210 326 1256 B
358 1211 403 1256 U
436 1212 472 1258 L
507 1211 547 1255 A
609 1211 657 1258 X
690 1210 738 1257 X
769 1211 815 1257 X
847 1212 908 1257 V.

224 1309 267 1350 V
268 1307 469 1368 espenilio
487 1305 529 1352 G*
547 1307 729 1373 zsststelae
746 1308 851 1352 duae.

0 1446 2 1462 .
41 1378 136 1456 H
149 1431 175 1455 υ
188 1430 209 1454 c
224 1448 233 1462 ,
252 1420 337 1454 illuc
353 1422 484 1456 temere
500 1422 582 1456 dum
599 1423 699 1456 volat
717 1448 726 1463 ‚
742 1421 822 1457 casu
837 1421 958 1457 evenit
1003 1430 1010 1442 *-

39 1469 91 1503 Ut
107 1471 144 1505 in
160 1471 316 1504 Mustelae
334 1471 454 1504 nidum
470 1470 686 1515 vespertilio

40 1517 176 1560 Irruat,
193 1520 230 1552 in
242 1519 389 1564 ipsoque
407 1520 565 1566 capiatur
580 1520 728 1563 impetu.

41 1567 129 1603 Haec
145 1579 285 1608 autem,
303 1569 428 1602 acerbo
445 1568 614 1624 quoniam
627 1579 724 1601 erant
740 1580 863 1603 omnes
878 1567 950 1603 sibi

0 1642 1 1653 ,
42 1617 140 1652 Odio
156 1619 343 1650 volantes:
362 1617 417 1650 Sic
435 1617 526 1658 mei,
541 1617 676 1662 inquit,
693 1617 799 1651 ceteri

41 1665 248 1700 Tractentur
263 1664 376 1698 hostes
394 1666 428 1698 ὅ(
444 1677 606 1710 pereant
621 1677 658 1699 ut
673 1677 710 1700 tu
727 1666 835 1700 mod&

0 1755 1 1758 Ἴ
41 1713 201 1752 Peribis!
221 1715 440 1758 praedamque
457 1716 561 1749 simul
578 1727 684 1749 vexat
700 1715 875 1759 unguibus
890 1740 900 1757 ,

0 1789 1 1794 ,
42 1763 93 1797 Ac
109 1765 277 1797 devorare
293 1763 363 1805 jam
378 1774 486 1807 parat.
505 1764 701 1798 Periculum

0 1830 1 1835 =
43 1811 213 1846 Per-sentit
228 1812 286 1846 ille
301 1824 310 1849 ·,
328 1812 432 1856 seque
449 1824 583 1846 murem
598 1841 606 1854 ,
624 1825 697 1846 non
711 1824 815 1846 avem

0 1859 1 1862 ’
43 1860 201 1894 Testatur
217 1860 283 1894 effe
302 1871 309 1891 :
328 1862 477 1905 denique
495 1872 533 1895 ut
548 1863 630 1895 fecit
647 1862 749 1895 fidem
765 1888 774 1902 ,

43 1909 195 1945 Veniam
212 1921 371 1956 precatur
389 1910 551 1945 avolandi
569 1937 578 1953 ‚
596 1911 629 1945 &
645 1911 822 1957 impetrat,
