1268 2361
195 77 425 121 LIBER
484 85 923 121 SECUNDUS.
994 90 1049 136 3¹

61 157 207 204 Rigidus
223 157 386 191 coafikor:
404 156 556 190 creditor
572 156 757 200 impatiens
774 167 882 190 morae
897 169 908 192 ι

61 207 188 241 Victus
203 207 347 242 facultas
363 217 436 239 rara
452 215 460 236 t
477 214 664 250 perpetuus
680 206 803 243 labor,

60 255 113 289 Ac
129 255 278 300 denique
294 254 376 288 mali
393 254 583 298 plurimum
597 280 607 294 ,
622 264 734 298 prope
751 254 801 287 nil
817 253 919 289 boni.

0 298 1 302 ¹
59 304 146 338 Haec
162 305 243 337 dum
259 303 432 344 recenset,
446 303 655 348 insuperque
672 301 829 346 concipit

58 352 253 397 Imaginem
271 352 450 397 praesentis
467 351 652 386 infortunii

60 401 177 435 Senex
193 402 346 435 misellus
359 428 368 441 ,
383 401 589 435 calamitatis
606 401 647 434 ad
662 400 808 445 gradum

0 479 1 492 ,
58 449 203 484 Venisse
220 451 393 484 summum
411 450 444 483 se
460 459 559 493 putat
574 462 582 483 :
599 449 758 483 Mortem
774 449 933 483 invocat.

0 497 1 529 3
59 498 178 533 Adest:
194 499 306 541 Quid,
320 499 451 543 inquit,
465 509 520 532 me
536 509 638 543 rogas
650 499 663 532 ἒ
675 524 684 531 .
698 523 706 531 .
719 498 817 531 Bona
834 497 899 538 sis,
913 507 1057 541 precor:

57 546 196 580 Fascem
212 549 303 581 hunc
319 547 356 581 in
373 549 537 580 humeros
553 557 592 580 ut
606 546 773 590 recipiam
785 572 793 587 ‚
808 557 864 580 me
881 546 1019 589 adjuva.

106 595 195 630 Mali
212 597 346 630 medela
360 595 462 630 Mors
478 595 597 636 venit,
612 595 753 640 gravius
770 597 913 631 malum.

193 702 215 726 ,(-
504 683 918 731 ἑῇΔμ-Ὦ,

249 773 654 820 FABULA
739 772 855 819 XI.

323 871 438 915 Idem
463 870 783 933 Argumentum.

54 941 153 1019 ΨΑ
166 992 182 1017 s
196 992 217 1017 c
231 992 252 1017 E
263 992 299 1016 Μ
317 983 496 1029 lignorum
512 985 670 1019 Rusticus
681 1011 691 1025 ‚
706 985 813 1019 senex
828 984 954 1027 miser,

53 1032 218 1066 Portabat
235 1032 326 1077 aegr‘e
343 1046 350 1066 :
371 1034 534 1078 longiore
552 1035 610 1067 sed
625 1034 686 1067 via

54 1080 193 1114 nauus
205 1107 214 1122 ‚
229 1081 412 1126 vietusque
422 1108 432 1122 ‚
447 1082 571 1124 abjecit
587 1083 711 1116 infelix
727 1094 816 1117 onus
831 1095 841 1116 τ

54 1129 213 1164 Mortem
229 1129 426 1165 invocavit.
444 1131 546 1165 Mors
562 1132 717 1165 advenit.
730 1132 822 1165 Tum
840 1132 946 1165 senex
961 1143 973 1165 z

54 1178 210 1221 Fascem,
221 1179 291 1220 ait,
305 1179 342 1212 in
357 1180 523 1214 humeros
538 1181 631 1214 hunc
644 1180 731 1214 mihi
744 1191 893 1224 reponas
907 1184 1049 1225 pretori

176 1269 914 1317 ,Qum-

227 1356 620 1401 FABULA
704 1356 873 1402 XII.

290 1451 493 1512 Agricola
526 1449 569 1497 δ’
596 1451 684 1509 ejus
702 1453 803 1511 filii.

53 1522 152 1598 PU
164 1573 189 1598 G
201 1574 226 1598 Ν
238 1573 263 1598 Α
276 1573 301 1598 R
312 1574 334 1598 Ε
353 1565 444 1602 inter
459 1565 494 1601 se
510 1564 605 1599 filios
624 1565 784 1610 quotidie

52 1614 142 1646 Suos
158 1613 282 1647 videns
297 1614 458 1658 Agricola
469 1640 477 1654 ‚
493 1615 666 1658 quaerebat
680 1614 779 1648 viam

53 1662 133 1703 Qua
150 1661 263 1705 poffet
278 1673 339 1695 eos
357 1663 393 1695 in
410 1662 555 1706 gratiam
571 1665 748 1698 reducere.

55 1710 72 1744 J
77 1711 158 1743 ubet
172 1713 372 1754 complures
387 1713 504 1755 virgas
521 1711 637 1745 afferri
653 1712 718 1746 sibi
729 1738 739 1751 ,

54 1758 261 1802 Omnesque
278 1759 314 1792 in
329 1771 437 1792 unum
454 1760 576 1794 deinde
591 1761 718 1794 fascem
734 1762 877 1806 colligat
890 1773 904 1800 ·,’

54 1807 145 1839 Tum
162 1807 286 1840 fascem
302 1818 464 1851 caperent
474 1835 483 1849 ‚
497 1820 535 1842 ac
550 1810 805 1854 perfringerent
815 1836 824 1851 ‚
838 1820 962 1845 monet
972 1823 988 1847 ε’

56 1855 160 1898 Quod
177 1855 246 1890 illis
262 1856 349 1892 vero
365 1858 499 1892 efficere
514 1869 588 1892 non
603 1859 800 1893 valentibus
814 1885 823 1898 ,

765 1907 790 1941 B
808 1907 847 1941 iv
