1225 2367
159 127 253 186 408
420 129 911 172 SENTENTIAE.

160 206 333 252 Quisquis
347 218 383 241 es
400 208 441 241 ab
455 207 570 252 aliqua
585 218 682 251 parte
698 203 984 240 commendabilis
999 229 1010 246 ,

140 286 146 295 .-
161 258 216 290 Ne
233 258 280 290 sis
297 257 338 290 ab
354 256 421 290 alia
437 256 701 300 vituperabilis,
719 256 815 289 time.
835 257 858 289 l.
880 265 894 287 1
910 255 960 298 ,Γ
982 263 1039 288 12.

162 320 237 363 Qui
253 320 367 353 statuit
384 319 537 364 aliquem
554 319 721 363 perdere'
714 331 774 352 mv
767 319 867 352 isum
885 318 973 358 sibi,

163 370 202 402 Si
216 368 299 410 justa
313 369 402 402 ratio
420 369 514 400 nulla
528 367 594 409 sit,
610 368 756 401 falsam
748 367 898 401 invenit.
915 368 939 401 l.
957 367 999 406 6
1015 364 1042 410 f.
1064 374 1095 398 1.

163 433 463 476 Quodcupirnus,
474 431 740 474 idverumeffe,
750 431 850 466 facile
861 430 1044 465 credimus.
1061 430 1085 463 l.
1098 428 1118 461 8
1130 424 1174 481 ,Γ
1192 435 1225 460 22

164 498 274 540 Quod
290 508 364 530 non
377 496 576 541 vituperat,
590 497 704 529 laudat
721 494 984 530 malevolentia.
1003 493 1026 527 l.
1046 502 1083 534 5,
1092 491 1122 535 Γ.
1145 498 1178 532 3.

164 562 276 604 Quod
288 572 349 594 um
363 559 520 605 prodest
537 559 637 593 alteri
650 559 740 604 saepe
759 559 796 593 id
811 568 926 593 nocet.
946 559 969 593 l
985 567 1023 601 5,
1028 556 1065 600 Γ.
1085 565 1143 590 20.
1186 607 1190 611 ⁶

165 626 270 668 Quos
287 623 443 658 maxime
461 623 585 657 cessare
599 625 728 668 vulgus
742 621 893 665 judicat,

167 675 222 707 Ab
237 673 291 707 his
309 674 398 717 saepe
414 684 522 717 opera
538 672 694 706 maxime
710 672 807 705 utilis
822 673 933 705 datur.
951 670 976 704 l.
1000 678 1042 712 3,
1057 666 1084 714 f.
1099 678 1138 709 4.

170 738 272 779 Quot
286 736 421 770 strenue
439 736 525 769 olim
541 736 658 780 magni
674 735 874 780 pugnarunt
888 735 1028 775 Duces,

171 787 223 819 Ut
237 787 327 819 latro
341 795 467 830 pugnae
479 784 585 819 ferret
598 795 704 818 omne
722 783 927 828 praemium!
944 784 968 818 l.
986 791 1001 825 3
1016 807 1026 824 ,
1034 781 1064 826 Γ.
1085 788 1144 823 29.

680 878 740 936 R.
786 944 790 947 ,

176 986 322 1047 RARo
336 1010 373 1046 in
385 1011 529 1057 periclis
542 1011 672 1057 impius
688 1011 819 1046 constat
835 1010 914 1047 sibi.
929 1011 954 1047 l.
965 1021 1006 1052 4,
1017 1009 1048 1054 Γ
1061 1019 1120 1045 22.
1142 1008 1156 1021 ''

176 1076 284 1112 Ratio
300 1076 451 1111 nocendi
464 1075 618 1121 suppetit
631 1076 766 1120 semper
782 1076 896 1110 malis.
915 1076 939 1109 l.
954 1084 997 1108 12
1007 1074 1059 1118 ,Γ
1079 1073 1138 1109 22¹..
1187 1101 1190 1104 ,

179 1142 271 1176 Rem
286 1143 373 1176 bene
387 1140 529 1187 gerendi
544 1139 702 1185 quisquis
719 1140 843 1173 horam
856 1148 1050 1195 prorogat,

179 1191 312 1232 Bonis,
329 1191 455 1236 quibus
465 1198 544 1235 eget
556 1188 732 1230 maxime,
742 1189 871 1222 merito
887 1198 991 1222 caret.
1009 1188 1035 1221 l.
1052 1195 1097 1220 10
1107 1184 1156 1229 ,Γ
1175 1193 1225 1226 17.

182 1255 273 1289 Rem
283 1253 719 1307 gerereipsepotes>alios
733 1263 777 1285 ne
793 1250 1064 1296 exspectaveris.
1079 1250 1104 1284 l.
1119 1257 1157 1311 3,
1163 1248 1197 1314 -Γ.
1209 1256 1225 1284 2

183 1320 255 1354 Res
271 1318 438 1365 dignitate
455 1319 668 1362 praevalent,
683 1328 758 1350 non
771 1315 886 1361 copia.
901 1316 926 1350 l.
941 1325 986 1357 4,
995 1314 1025 1359 Γ.
1043 1323 1076 1353 1.

186 1384 384 1424 Reverere,
398 1381 488 1416 celsa
504 1381 673 1427 dignitate
686 1380 749 1425 qui
763 1380 942 1414 eminent·
1038 1406 1043 1409 .
1186 1402 1190 1407 .
1206 1400 1209 1403 v

186 1432 327 1467 Tenues
340 1431 440 1466 ruina
451 1430 651 1475 potentium
661 1430 750 1474 saepe
763 1428 947 1474 opprimit.
963 1428 1046 1481 l.[15
1049 1452 1069 1473 ,
1072 1425 1121 1471 Γ
1119 1435 1134 1460 1
1143 1435 1178 1462 1,

715 1536 754 1577 S.

194 1613 329 1691 SAEPEl
341 1639 388 1674 est
403 1638 551 1673 benefici
565 1649 699 1672 merces
714 1636 752 1671 in
765 1636 953 1672 beneficio.
968 1637 992 1671 l.
1011 1645 1055 1669 12
1065 1634 1113 1679 ‚f.
1133 1643 1166 1678 5.

194 1706 293 1749 Saepe
307 1702 432 1738 furiosi
445 1702 523 1748 plus
538 1702 624 1743 sibi,
639 1701 742 1747 quam
756 1701 835 1735 aliis
847 1727 857 1743 ,
874 1709 1016 1735 nocent.
1032 1701 1057 1734 l.
1069 1699 1089 1732 8
1101 1724 1111 1741 ,
1122 1698 1152 1743 Γ
1170 1707 1190 1732 2

196 1770 296 1813 Saepe
311 1767 464 1802 furiosos
479 1766 642 1811 proprius
656 1764 770 1810 perdit
781 1765 891 1799 fusor.
907 1765 931 1800 l.
947 1765 968 1798 8
979 1763 1028 1808 ,Γ
1044 1773 1104 1798 21.

198 1834 298 1877 Saepe
314 1832 364 1866 ibi
377 1833 562 1875 voluptas,
576 1831 635 1864 ubi
648 1829 838 1864 necessitas
855 1827 941 1870 fuit,

199 1881 370 1919 Paulatim
385 1882 425 1917 ab
438 1880 511 1927 ipsa
528 1879 678 1915 nascitur
691 1875 918 1914 assuetudine.
933 1878 958 1914 l.
969 1875 991 1911 6
1001 1875 1052 1921 ,fi
1070 1883 1128 1917 29.

1085 1938 1186 1984 Saepe
1216 1956 1223 2001 ’i
