1268 2361
0 220 8 345 J.

243 69 479 115 L1BER
533 79 890 115 OCTAVUS.
963 84 1046 132 173

57 147 246 196 'Quivvolet
256 176 265 193 ,
280 153 463 186 acceleret.
478 152 605 185 Nullus
621 162 695 184 non
706 177 715 192 ‚
729 152 787 185 vel
802 151 911 185 adfuit
926 177 937 193 ,

61 201 130 234 Vel
143 200 326 234 excusavit
343 212 405 244 per
417 201 506 234 alios
521 199 727 235 absentiam.

59 249 213 283 Turbam
228 259 267 282 ut
279 249 500 294 frequentem
513 249 604 282 vidit
614 275 623 290 ‚
637 249 797 293 ingentes
813 250 888 285 Leo

60 298 188 331 Causas
205 297 347 331 dolendi
363 296 560 343 significare
575 297 738 341 protinus

0 356 1 361 ¹
22 386 24 389 v
59 345 186 391 Longo
201 345 332 388 ejulatu
348 346 459 390 coepit
473 358 480 380 :
497 345 623 379 adflere
640 346 763 386 aulici,

59 393 206 439 Parique
218 394 315 429 luftu
329 394 460 428 lustum
475 395 580 439 Regis
598 395 776 440 prosequi.

108 444 211 478 Unus
227 453 283 477 tot
299 444 390 477 inter
404 443 506 477 fletus
523 443 662 476 fletibus
681 443 826 477 abstinet

60 492 197 526 Cervus
212 505 220 526 :
239 492 305 526 sibi
321 503 471 537 namque
486 492 647 526 meminit
661 503 810 526 uxorem
824 491 907 527 feris

59 541 182 585 Nuper
197 541 331 575 Leaenae
345 541 544 575 dilaniatam
559 541 732 575 dentibus.

21 616 25 620 .
60 589 223 623 Advertit
238 616 248 630 ‚
267 591 300 623 &
316 590 489 623 aestuantis
506 591 584 622 Rex
600 590 659 622 irae
676 589 853 634 impotens
864 602 875 624 ε

61 637 118 672 sic
134 649 219 683 ergo
236 638 372 672 nostros
390 640 610 672 concelebras
627 637 738 671 luCtus
751 665 759 679 ‚
778 639 848 672 ait?

59 686 179 720 Dolor
194 687 254 720 ubi
272 687 429 731 publicus
445 713 454 728 ‚
471 686 538 720 effe
554 688 653 720 laetus
671 686 813 720 sustines
831 689 846 721 ἓ

60 735 108 768 At
123 746 197 769 non
210 735 339 769 Leonis
355 735 588 769 vindicabitur
605 735 741 779 impetu

61 783 151 817 Tam
164 793 264 828 turpe
280 784 413 819 crimen
429 797 436 818 :
452 785 541 818 ruite
558 784 595 817 in
612 783 760 828 impium
771 810 779 824 ‚
798 783 894 828 lupi·‚

3 827 9 830 Ἀ
60 832 274 878 Reginaeque
291 833 359 878 piis
377 834 535 867 manibus
549 832 689 866 inferias
706 834 796 867 date.

108 881 208 915 Nihil
224 883 365 916 moveri
377 882 476 916 visus
491 884 532 916 ad
548 881 659 915 tristes
673 881 784 915 minas
796 907 806 922 ,

16 928 17 931 ’
60 928 118 964 Sic
134 929 269 976 placide
285 931 422 965 causam
439 942 563 965 cervus
580 930 697 965 oravit
718 931 813 964 suam
829 943 836 963 :

61 979 140 1013 Rex
154 991 277 1025 magne
288 1006 298 1021 ‚
313 980 393 1014 satis
407 979 454 1013 est
468 979 576 1013 luctui
590 981 707 1013 datum
720 979 907 1018 haEtenus3

62 1027 215 1073 Recepta
231 1030 317 1062 caelo
333 1029 416 1062 flere
434 1040 499 1062 nos
513 1030 602 1062 ultra
619 1038 717 1062 vetat

62 1076 212 1122 Augusta
227 1077 359 1119 conjux
374 1090 382 1112 2
400 1089 549 1122 namque
563 1079 645 1110 dum
661 1086 814 1121 ereptam
833 1075 920 1110 mihi

62 1125 224 1160 Uxorem
241 1138 369 1171 queror
381 1153 389 1168 ‚
409 1127 442 1160 ὅ(
458 1126 582 1160 mortis
601 1125 862 1160 inclementiam

10 1212 11 1215 Ἴ
62 1174 218 1216 lacense,
236 1175 338 1210 inane
354 1175 464 1210 Iustus
483 1177 525 1210 ad
540 1176 702 1211 solatium
720 1202 732 1218 ‚

64 1223 151 1258 Vidi
167 1224 327 1258 Leaenam
341 1236 443 1258 curru
456 1225 637 1258 sublimem
652 1226 748 1269 rapi,

23 1312 26 1315 Ι
62 1271 226 1316 Interque
240 1274 407 1306 collocari
423 1273 571 1307 caelestes
588 1274 675 1307 feras
693 1285 704 1311 ·,

64 1321 292 1365 Quapropter
308 1321 427 1355 alacris
442 1322 563 1356 laetitia
576 1321 644 1363 jam
660 1333 726 1355 nos
742 1322 853 1356 decet.

21 1371 23 1374 ⁴
64 1369 141 1403 Hac
156 1370 272 1404 fraude
285 1371 399 1414 lepida
413 1371 485 1404 Leo
503 1373 657 1414 placatur
670 1372 827 1404 credulus
845 1384 856 1409 ·‚

64 1417 279 1464 Recreatque
296 1420 410 1460 dono,
428 1419 613 1452 destinabat
627 1431 731 1463 quem
748 1420 839 1453 neci.

115 1467 242 1500 Amant
258 1478 420 1511 potentes
433 1494 442 1508 ,
460 1479 535 1512 quae
549 1468 641 1501 canit
658 1468 810 1502 adulatio
827 1480 838 1505 ·,

67 1514 233 1562 Lice‘tque
249 1517 332 1551 falsa
345 1516 500 1560 judicent
511 1543 520 1559 ,
535 1516 613 1551 raro
630 1517 843 1562 improbant.

399 1677 720 1752 &ew

770 1908 801 1942 H
825 1905 862 1950 iii

1254 695 1268 993 -ΜΜῌ
1258 680 1261 685 κ
1258 659 1261 666 «

1257 1078 1268 2123 mma·
1259 1031 1268 1070 κν(
1260 1005 1265 1024 «-
