1268 2361
63 818 177 863 Copia
193 821 350 859 ciborum
369 840 376 861 :
395 828 584 874 sequimini
599 848 608 874 3
626 839 714 874 milii
729 847 875 888 pervius

59 865 226 913 Meisque
240 874 362 908 amicis
379 877 490 913 aditus
508 882 572 925 est,
589 889 730 929 quoties
746 895 855 934 lubet.

57 913 179 950 Fidem
197 920 380 957 Columbae
397 926 575 972 simplices
590 933 768 976 fallacibus

57 962 219 1000 Habuere
233 969 347 1006 dietis.
363 974 565 1013 Praevolans
583 981 691 1028 igitur
705 991 797 1027 latro

55 1011 206 1049 Temere
221 1016 404 1063 sequentes
421 1027 605 1070 copiosum
623 1035 738 1072 villici

55 1059 305 1104 opulentioris
323 1071 420 1105 ducit
434 1076 476 1107 ad
489 1081 709 1121 granarium:

53 1108 139 1151 Quo
157 1113 315 1150 simulac
329 1129 452 1155 omnes
470 1125 537 1159 effe
551 1129 705 1174 delapsas
722 1137 820 1173 videt
832 1154 844 1177 ε

50 1156 130 1192 Jam
146 1164 321 1199 comedite
332 1193 341 1206 ,
360 1168 474 1215 inquit
489 1186 497 1207 :
515 1176 682 1215 delicatos
699 1186 741 1218 ad
755 1188 853 1224 cibos

50 1205 104 1239 En
120 1220 187 1243 vos
203 1211 330 1249 invitat
349 1216 409 1251 iste
423 1223 614 1263 praesertim
631 1235 788 1276 angulus.

49 1254 129 1288 Huc
145 1269 229 1303 ergo
246 1262 357 1297 densae
371 1277 500 1302 cocunt
517 1285 526 1305 :
543 1274 600 1307 sed
615 1278 751 1315 avidius
767 1285 883 1323 sinum

88 1308 212 1341 utturis
228 1309 366 1346 inanem
385 1316 529 1360 implere
544 1325 659 1367 granis
675 1330 755 1365 dum
774 1333 908 1374 student
919 1366 931 1384 ‚

86 1352 91 1357 '
207 1357 210 1360 ’
430 1368 490 1399 olo
507 1380 515 1405 3
533 1370 626 1406 ferus
641 1375 772 1422 ingruit

427 1414 487 1448 has
504 1423 656 1456 cruentis
673 1430 847 1473 unguibus
861 1462 873 1478 ,

419 1464 525 1499 laniat
540 1481 548 1505 ς
565 1469 625 1503 has
642 1484 756 1511 autem
773 1482 855 1517 ferit

42 1495 191 1534 Potente
207 1508 339 1548 penna,
357 1520 394 1542 ac
411 1512 538 1549 debiles
555 1516 673 1555 sternit
688 1525 776 1562 solo.

41 1543 130 1579 Tam
148 1548 238 1584 foeda
254 1555 357 1589 cladis
373 1558 504 1601 species
520 1589 528 1605 ,
543 1574 612 1600 tam
626 1572 757 1610 subitus
772 1589 887 1621 pavor

40 1590 162 1630 Paucis
179 1600 345 1646 relinquit
357 1611 525 1645 evadendi
539 1617 690 1660 copiam.

89 1642 257 1682 Hominis
273 1656 429 1690 cavenda
450 1658 498 1692 est
512 1661 667 1708 improbi
680 1671 892 1722 benignitas,

482 1764 576 1812 ³422*
