1268 2361
209 126 443 187 Llssstn
498 135 863 170 DECIMUS.
931 136 1016 182 241

156 288 510 336 FABULA
575 288 894 334 XXXVI.

203 385 314 428 Nux
332 384 561 427 &Arbores
577 383 854 444 itzfiufluosae.

164 479 493 525 FABULA
561 478 893 527 XXXVII.

246 575 433 620 Perdices
456 575 547 618 duae
570 573 612 619 G*
626 576 809 635 Auceps·

32 648 153 726 θε
172 689 264 723 sorte
279 689 358 723 cum
370 690 457 722 Nux
473 688 680 734 gloriaretur
698 688 756 722 sua
771 715 782 731 ‚

20 739 200 782 'Aliasque
215 740 340 771 multas
355 738 505 770 Arbores
523 748 767 772 contemneret

20 786 266 822 'Infrustuosas
282 799 291 823 ·‚
305 797 374 818 una
388 786 478 818 dixit
492 798 500 819 t
518 785 700 820 Fruftibus

0 856 1 880 1
33 835 106 870 Ubi
121 835 190 869 tuis
207 835 321 879 aliqua
336 834 512 867 accefferit
529 835 708 868 marm-itas
724 860 734 876 ‚

21 884 145 918 *Simul
162 894 286 917 omnes
301 883 444 916 fustibus
463 883 497 915 &
513 883 686 926 lapidibus
702 894 735 917 te
752 892 892 927 petent,

33 931 77 966 Et
89 932 321 976 exspoliando
335 933 432 964 mille
449 933 565 976 plagas
581 932 752 978 ingerent.

31 980 134 1015 Tunc
150 980 364 1014 sterilitatem
380 979 531 1013 nostram
546 981 635 1013 hanc
651 980 787 1025 optabis
803 980 866 1014 tibi
880 1007 890 1021 ,

34 1029 133 1063 Hanc
149 1029 256 1072 ipsam
267 1054 277 1070 ,
294 1039 397 1073 quam
412 1039 451 1061 tu
467 1039 558 1061 nunc
569 1055 577 1068 ,
595 1029 758 1074 superba,
776 1029 937 1074 despicis.

84 1077 270 1111 Confidere
288 1077 357 1110 suis
373 1077 502 1110 divites
519 1078 647 1121 opibus
664 1087 762 1111 vetat

35 1126 182 1160 Fabula:
201 1137 340 1170 rapaces
356 1125 460 1170 copia
476 1125 607 1159 invitat
622 1138 744 1160 manus
755 1153 766 1168 ‚

35 1174 86 1208 Ut
102 1186 175 1208 non
188 1174 296 1208 modi>
313 1175 413 1219 gravi
428 1174 573 1207 saeviant
590 1174 736 1216 injuria,

35 1222 103 1256 Sed
120 1223 154 1257 ὅ(
167 1223 355 1268 aliquando
372 1223 564 1266 perniciem
581 1223 751 1256 summam
768 1223 911 1258 afferant
924 1237 935 1259 ε

36 1271 144 1314 Quod
157 1273 263 1309 altera
280 1272 353 1304 haec
365 1271 489 1304 fabella
506 1271 662 1304 testatum
676 1272 782 1307 dabit.

84 1319 204 1354 Pullos
220 1320 346 1353 eodem
362 1318 399 1352 in
412 1330 495 1363 agro
513 1319 671 1353 Perdices
689 1321 763 1354 duae

35 1367 148 1403 Simul
161 1369 352 1402 educabant
364 1394 372 1408 ‚
388 1378 458 1401 una
472 1369 670 1412 complures
688 1369 828 1413 quidem
839 1395 848 1410 ‚

36 1417 83 1451 At
99 1419 207 1450 altera
221 1418 309 1450 duos
326 1416 472 1450 tantum.
491 1416 612 1449 Ditior
628 1428 751 1461 parens

36 1466 273 1499 Contemnere
291 1465 401 1508 coepit
415 1464 513 1497 istam
526 1476 597 1508 prae
611 1466 646 1499 se
663 1477 850 1510 pauperem
864 1480 876 1502 :

37 1513 258 1558 Quantisque
269 1540 278 1554 ‚
294 1513 403 1553 dixit,
421 1524 477 1546 me
495 1513 582 1547 affici
598 1514 734 1548 damnis
750 1515 848 1559 prius

36 1561 127 1596 Esset
143 1561 294 1602 necesse,
314 1561 417 1606 quam
433 1573 511 1595 mea
527 1562 652 1596 similis
667 1573 736 1596 tuae

37 1610 191 1645 Fortuna
207 1609 306 1643 fieret
323 1613 329 1644 !
346 1611 469 1644 Talem
485 1610 565 1644 cum
578 1611 773 1654 superbiam

37 1657 251 1702 Paupercula
267 1669 391 1702 parens
407 1659 495 1692 ferre
512 1670 585 1692 non
601 1659 712 1704 posset
726 1674 736 1698 ·‚
751 1662 835 1700 loco

37 1707 188 1740 Diversa
204 1707 344 1751 paulum
359 1707 534 1741 abscessit.
552 1709 687 1742 Interea
703 1709 773 1742 suis

34 1752 224 1790 Instruffikus
240 1756 378 1798 Auceps
394 1755 557 1788 omnibus
570 1757 661 1790 dolis
672 1783 681 1799 ‚
692 1758 798 1802 gradu

37 1803 182 1838 Accedit
195 1804 276 1836 illuc
291 1803 400 1836 tacito
415 1816 422 1837 :
438 1804 635 1848 pascentem
650 1806 737 1839 hanc
753 1805 851 1839 videt

39 1853 132 1885 Cum
144 1853 243 1897 prole
259 1851 397 1897 gemina
409 1877 419 1893 ‚
434 1852 637 1897 respuitque
651 1866 659 1887 :
676 1864 710 1887 at
726 1856 890 1897 alteram,⁴

37 1899 198 1946 stipante
211 1899 359 1936 cineam
371 1910 470 1936 tanto
483 1903 661 1946 pullorum
675 1913 778 1950 grege
787 1928 797 1945 ,

809 1951 838 1986 L
