1268 2361
245 114 475 158 LIBER
526 119 880 157 TERTIUS.
1000 119 1060 174 59

65 197 261 241 Cutemque
276 206 432 229 teneram
448 193 597 239 pupugit
612 193 852 238 pertinaciter.

65 247 138 280 Leo
150 245 300 279 furiosus
315 244 489 289 unguibus
506 243 671 288 proprios
685 243 752 276 sibi

63 294 221 329 Dilaniat
236 303 329 327 artus
347 319 356 334 ‚
371 294 483 326 donec
500 292 673 326 exanimis
688 291 790 325 cadit.

63 344 173 378 Suum
190 343 353 387 superbus
370 341 487 375 vietor
502 352 586 375 tunc
601 341 793 385 epinicium
808 362 818 381 ‚

61 392 157 426 Idem
175 392 268 435 ipse,
284 390 424 425 tubicen
442 391 654 435 personans,
671 390 753 423 hinc
775 390 909 424 avolat.

61 441 109 474 At
127 451 214 473 mox
230 440 390 473 tenuibus
407 441 475 473 heu
492 442 498 473 !
517 438 591 472 filis*
604 440 746 472 Araneae

62 489 259 533 Implicitus
273 515 283 530 ‚
299 488 411 521 vitam
429 487 619 533 gloriosam
636 487 729 520 finiit
747 513 756 527 ,

62 537 271 571 Lamentans
287 563 296 578 ‚
314 537 448 570 hostem
466 535 560 580 quod
576 535 636 580 qui
651 546 787 568 tantum
800 534 936 569 vicerat
949 559 962 578 ‚

0 577 3 630 J
61 587 163 622 Nunc
179 587 221 621 ab
236 586 413 620 animante
429 585 646 619 occideretur
661 584 808 618 tantula.

197 672 924 725 ssss———Qaffgfl———w

215 775 579 823 FABULA
644 774 910 821 XVIII.

291 873 500 917 Colzmzbae
522 877 565 925 G*
586 872 814 932 Accipiter.

66 944 132 1022 HD
147 996 169 1021 Ε
182 996 201 1021 L
213 995 232 1021 L
245 995 270 1020 ο
290 987 470 1021 Columbae
485 986 563 1020 cum
580 988 722 1020 domare
736 986 886 1020 miluum

63 1035 319 1070 Delibereffent
330 1063 339 1077 ‚
353 1036 487 1081 eligunt
504 1047 620 1080 regem
639 1036 707 1069 sibi

64 1086 292 1130 Accipitrem.
308 1086 352 1118 At
368 1085 501 1118 hostem
518 1085 551 1118 se
569 1085 627 1118 ille
643 1110 652 1125 ‚
670 1095 743 1118 non
759 1094 875 1130 regern
892 1084 1018 1128 probat
1032 1096 1043 1123 ·‚

65 1134 250 1178 Etiamque
267 1134 408 1167 miseras
425 1133 538 1167 miluo
555 1133 710 1167 ferocius

65 1182 171 1226 Rapit
187 1208 195 1223 ,
212 1183 402 1227 laniatque.
420 1183 512 1216 Tum
531 1182 627 1215 suam
645 1184 765 1214 dolent
782 1182 898 1215 vicem
916 1194 927 1221 3

65 1231 254 1275 satiusque
269 1257 279 1272 ‚
296 1231 417 1264 dicunt
432 1257 440 1271 ‚
458 1230 559 1264 milui
577 1231 749 1275 impetum
765 1230 833 1264 fuit

67 1279 235 1313 Tolerare
251 1305 260 1321 ,
277 1279 382 1324 quam
398 1278 503 1321 hujus
520 1279 651 1324 regiam
667 1279 904 1323 tyrannidem.

227 1367 927 1416 -fflfiffoess——>

251 1456 281 1501 F
308 1454 350 1499 A
379 1455 412 1499 B
447 1454 493 1499 U
523 1454 558 1498 L
586 1453 624 1496 A
697 1451 743 1497 X
772 1455 789 1498 I
817 1451 878 1497 X,

362 1549 500 1593 Simia
528 1546 571 1594 G*
598 1549 769 1607 Vulpis.

199 1384 222 1410 ⁴(

129 1622 158 1642 Ὗ.

129 1647 139 1658 .

71 1622 134 1697 ἶ]
164 1673 190 1696 υ
204 1672 223 1696 L
235 1673 255 1695 1²
266 1672 288 1695 E
301 1672 333 1695 Μ
350 1663 489 1708 rogavit
505 1662 614 1696 Simia
629 1688 638 1703 ‚
656 1672 694 1695 ut
712 1663 923 1695 concederet

73 1714 201 1746 Caudae
218 1721 351 1755 partem
366 1712 521 1755 aliquam
537 1737 546 1751 ,
566 1713 800 1755 conte-gendas
818 1713 858 1743 ad
875 1722 972 1745 nates
990 1724 1000 1749 ·,

73 1761 209 1794 Etenim
225 1786 234 1800 ‚
251 1761 346 1804 quod
364 1761 440 1793 usui
458 1760 637 1793 &honori
654 1761 744 1793 foret
762 1759 830 1792 sibi
845 1785 853 1799 ,

73 1810 168 1843 Huic
184 1808 249 1842 effe
267 1809 302 1841 id
318 1808 429 1841 oneri.
449 1808 576 1852 Vulpis
595 1819 629 1841 at
646 1808 765 1840 retulit
781 1834 789 1848 ‚
807 1807 895 1840 nihi!

35 1864 37 1866 ’
74 1857 149 1890 Sibi
167 1857 316 1890 nimium
333 1855 398 1889 effe
417 1882 425 1896 ,
450 1858 481 1889 ὅζ
500 1856 607 1889 cauda
625 1858 770 1889 humum
787 1856 881 1888 verri
895 1855 955 1889 su&

74 1906 119 1940 Se
136 1907 237 1940 malle
252 1931 265 1947 ‚
280 1905 383 1950 quaim
400 1905 457 1938 illa
475 1905 593 1940 Simiae
612 1915 708 1939 nates
725 1904 807 1950 tegi.

785 1954 813 1986 C
833 1952 870 1997 v}
