1268 2361
129 111 302 156 LIBER
337 119 601 153 DECIMUS
635 118 918 164 QUARTUS.
956 121 1049 171 347

49 188 255 237 Remigium
269 204 280 230 ς
295 190 445 236 denique
460 191 639 231 vulturem
655 189 722 224 effe
738 190 926 236 comperit.

102 241 233 275 Amore
249 250 409 274 materno
426 240 597 273 excitatus
610 265 618 280 ‚
636 239 827 284 plurimum

48 286 108 326 lbi.
123 289 220 324 videt
236 291 359 324 oculus
371 315 382 331 ‚
396 288 457 322 ubi
472 288 532 322 alii
549 288 638 322 nihil
654 288 790 323 vident.

451 367 649 416 *3322

196 455 228 499 F
257 455 297 500 A
326 455 358 499 B
393 455 437 500 U
467 454 502 499 L
528 452 568 497 A
646 454 693 499 X
724 454 772 500 X
798 454 841 500 V
869 456 902 502 I.

318 555 491 596 Aranea
513 549 556 597 δ’
578 551 796 612 Bombyx.

190 384 215 408 Ἐ

889 381 913 406 3,

53 621 123 701 HD
132 674 157 698 0
169 674 204 698 M
215 674 235 699 Β
247 673 270 698 Y
285 673 306 699 c
319 674 340 699 Ε
352 675 387 699 Μ
405 665 536 699 acerbis
553 665 700 700 vocibus
716 665 771 700 his
787 665 950 702 laceffere

53 714 190 748 Aranea
204 715 283 748 ausa
299 713 367 748 est:
385 714 481 757 Quid
494 713 558 747 tibi
573 713 641 755 est,
657 716 752 759 quod
767 716 927 750 vendites
938 741 949 758 ,

5 781 9 785 —
52 763 178 807 Inepte
194 763 324 796 vermis
340 764 353 797 ἒ
367 763 508 796 Textile
524 763 594 796 hoc
609 774 699 807 opus
718 774 837 796 meum
854 790 865 806 ‚

52 811 137 846 Hoc
149 812 334 846 delicatum
349 811 480 845 stamen
495 812 650 856 adspice,
666 812 696 846 si
712 823 813 856 potes
828 825 839 850 3

53 860 99 894 Et
115 860 174 894 ista
184 887 194 902 ,
208 872 290 894 nere
306 872 381 905 quae
398 871 497 893 tuum
512 861 600 894 solet
617 872 725 906 genus
740 887 750 902 ,

54 910 136 944 Huc
152 909 212 943 fila
227 909 359 944 confer.
376 910 439 942 Ille
456 909 635 953 respondit
649 922 658 943 :
672 910 769 943 Tuus

0 983 1 990 1
55 957 154 1001 Quid
170 957 279 1002 pariat
289 984 298 999 ‚
315 959 405 992 unde
419 958 471 991 sic
484 958 658 1002 superbias
670 984 680 999 ,
695 960 795 993 labor
808 985 819 1002 ,

56 1007 142 1040 Non
157 1007 263 1040 video
279 1020 289 1046 ·,
303 1006 373 1040 filis
388 1007 483 1040 hisce
501 1005 597 1051 quod
613 1007 795 1042 subtilibus

54 1056 282 1089 Circumdare
301 1066 372 1089 tete
388 1056 532 1089 noveris
547 1081 556 1097 ‚
573 1054 657 1100 quid
670 1055 814 1100 proficis
829 1057 845 1090 ἒ

57 1104 201 1138 Culices
219 1104 374 1138 minutos
385 1130 395 1146 ‚
410 1106 468 1137 vel
485 1105 620 1148 aliquot
637 1105 849 1139 miserabiles

57 1152 202 1186 Muscas
212 1180 221 1194 ,
236 1153 370 1186 dolosis
386 1153 570 1197 impeditas
587 1153 740 1187 cassibus
755 1179 765 1194 ‚

58 1201 260 1246 Opprimis.
274 1203 321 1235 At
334 1201 400 1235 effe
415 1202 563 1236 crassius
577 1201 731 1235 nostrum
747 1200 874 1242 objicis

58 1249 164 1295 Opus
181 1261 287 1284 omne
302 1263 309 1284 :
326 1250 409 1295 quid
421 1250 493 1295 agis
504 1277 513 1292 ‚
528 1251 627 1284 stulta
641 1252 654 1285 ἓ
668 1250 737 1292 iam
750 1249 868 1284 nostro
884 1250 981 1284 faves

59 1298 204 1332 Honori
218 1312 226 1333 :
242 1300 337 1344 quod
351 1299 446 1333 enim
462 1299 577 1333 nostra
589 1302 664 1333 laus
679 1299 726 1332 est
737 1325 746 1341 ,
761 1300 952 1343 exprobras
966 1311 976 1333 :

60 1347 146 1381 Non
161 1357 232 1380 tam
248 1349 409 1382 tenuibus
426 1347 494 1381 esse
508 1348 578 1382 filis
595 1348 679 1392 quid
694 1358 797 1382 nocet
812 1374 822 1390 ,

61 1396 199 1439 Quibus
210 1423 220 1437 ‚
236 1397 296 1430 ubi
310 1399 377 1431 tela
391 1397 557 1430 validiori
572 1396 716 1431 stamine

63 1446 242 1479 Contexta
258 1446 363 1480 semel
380 1446 447 1487 est,
462 1446 574 1487 majus
589 1446 672 1479 hinc
684 1445 837 1490 pretium
850 1444 979 1480 venit?

63 1493 173 1539 Perge
190 1506 273 1540 ergo
289 1494 375 1528 retia
389 1494 543 1528 bestiolis
560 1505 751 1539 praetexere
769 1507 776 1528 :

62 1542 167 1576 Nebo
183 1543 325 1576 interim
337 1569 346 1584 ‚
365 1545 460 1588 quod
472 1543 568 1588 ipsos
584 1543 697 1588 Reges
714 1542 850 1579 vestiat.

113 1591 187 1633 Qui
204 1593 307 1625 corda
322 1593 422 1637 vulgi
436 1592 599 1626 irretiunt
612 1592 789 1636 opusculis

64 1639 236 1676 Futilibus
249 1665 259 1684 ‚
272 1640 338 1676 hos
352 1641 476 1677 fabella
489 1641 675 1686 scriptores
689 1650 803 1677 notat.

522 1766 608 1840 aab

784 1943 811 1976 P
836 1940 875 1988 vj
