<?xml version="1.0" encoding="UTF-8"?>
<!DOCTYPE html PUBLIC "-//W3C//DTD XHTML 1.0 Transitional//EN"
    "http://www.w3.org/TR/xhtml1/DTD/xhtml1-transitional.dtd">
<html xmlns="http://www.w3.org/1999/xhtml" xml:lang="en" lang="en">
 <head>
  <title>
</title>
<meta http-equiv="Content-Type" content="text/html;charset=utf-8" />
  <meta name='ocr-system' content='tesseract 3.04.00' />
  <meta name='ocr-capabilities' content='ocr_page ocr_carea ocr_par ocr_line ocrx_word'/>
</head>
<body>
  <div class='ocr_page' id='page_1' title='image "./fabulaeaesopiaec00desbuoft_0360.png"; bbox 0 0 1225 2367; ppageno 0'>
   <div class='ocr_carea' id='block_1_1' title="bbox 204 120 1187 256">
    <p class='ocr_par' dir='ltr' id='par_1_1' title="bbox 204 120 1187 256">
     <span class='ocr_line' id='line_1_1' title="bbox 204 120 1063 191; baseline -0.001 -15"><span class='ocrx_word' id='word_1_1' title='bbox 204 130 293 191; x_wconf 83' lang='lat'>316</span> <span class='ocrx_word' id='word_1_2' title='bbox 376 130 459 172; x_wconf 72' lang='grc' dir='ltr'>ΕΑ</span> <span class='ocrx_word' id='word_1_3' title='bbox 480 139 531 172; x_wconf 83' lang='grc' dir='ltr'>Β.</span> <span class='ocrx_word' id='word_1_4' title='bbox 565 120 1063 175; x_wconf 62' lang='lat' dir='ltr'>AEsoPJARUM&#39;</span> 
     </span>
     <span class='ocr_line' id='line_1_2' title="bbox 417 207 1187 256; baseline -0.014 -11"><span class='ocrx_word' id='word_1_5' title='bbox 417 207 1187 256; x_wconf 40' lang='grc' dir='ltr'>-πῌὲᾗῇἕΞΞ--ῦ</span> 
     </span>
    </p>
   </div>
   <div class='ocr_carea' id='block_1_2' title="bbox 309 291 1072 438">
    <p class='ocr_par' dir='ltr' id='par_1_2' title="bbox 309 291 1072 438">
     <span class='ocr_line' id='line_1_3' title="bbox 309 291 1072 345; baseline 0.003 -4"><span class='ocrx_word' id='word_1_6' title='bbox 309 298 341 341; x_wconf 91' lang='lat' dir='ltr'><strong>F</strong></span> <span class='ocrx_word' id='word_1_7' title='bbox 375 297 417 341; x_wconf 94' lang='lat' dir='ltr'><strong>A</strong></span> <span class='ocrx_word' id='word_1_8' title='bbox 452 297 485 341; x_wconf 93' lang='lat' dir='ltr'>B</span> <span class='ocrx_word' id='word_1_9' title='bbox 521 297 566 342; x_wconf 94' lang='lat' dir='ltr'>U</span> <span class='ocrx_word' id='word_1_10' title='bbox 601 296 637 341; x_wconf 93' lang='lat' dir='ltr'>L</span> <span class='ocrx_word' id='word_1_11' title='bbox 674 299 713 342; x_wconf 90' lang='lat' dir='ltr'><strong>A</strong></span> <span class='ocrx_word' id='word_1_12' title='bbox 799 295 847 341; x_wconf 90' lang='lat' dir='ltr'><strong>X</strong></span> <span class='ocrx_word' id='word_1_13' title='bbox 879 291 926 341; x_wconf 86' lang='lat' dir='ltr'>X</span> <span class='ocrx_word' id='word_1_14' title='bbox 958 298 979 344; x_wconf 93' lang='lat' dir='ltr'>I</span> <span class='ocrx_word' id='word_1_15' title='bbox 1012 299 1072 345; x_wconf 89' lang='lat' dir='ltr'>V.</span> 
     </span>
     <span class='ocr_line' id='line_1_4' title="bbox 454 390 932 438; baseline 0.006 -3"><span class='ocrx_word' id='word_1_16' title='bbox 454 392 622 436; x_wconf 81' lang='lat' dir='ltr'><em>Turdus</em></span> <span class='ocrx_word' id='word_1_17' title='bbox 647 392 685 435; x_wconf 65' lang='grc' dir='ltr'>δ’</span> <span class='ocrx_word' id='word_1_18' title='bbox 716 390 932 438; x_wconf 77' lang='lat' dir='ltr'>Hirundo.</span> 
     </span>
    </p>
   </div>
   <div class='ocr_carea' id='block_1_3' title="bbox 205 225 231 249">
    <p class='ocr_par' dir='ltr' id='par_1_3' title="bbox 205 225 231 249">
     <span class='ocr_line' id='line_1_5' title="bbox 205 225 231 249; baseline 0 0"><span class='ocrx_word' id='word_1_19' title='bbox 205 225 231 249; x_wconf 65' lang='grc' dir='ltr'>(ἰ</span> 
     </span>
    </p>
   </div>
   <div class='ocr_carea' id='block_1_4' title="bbox 236 240 411 245">
    <p class='ocr_par' dir='ltr' id='par_1_4' title="bbox 236 240 411 245">
     <span class='ocr_line' id='line_1_6' title="bbox 236 240 411 245; baseline 0 0"><span class='ocrx_word' id='word_1_20' title='bbox 236 240 411 245; x_wconf 95' lang='lat' dir='ltr'> </span> 
     </span>
    </p>
   </div>
   <div class='ocr_carea' id='block_1_5' title="bbox 975 241 1153 247">
    <p class='ocr_par' dir='ltr' id='par_1_5' title="bbox 975 241 1153 247">
     <span class='ocr_line' id='line_1_7' title="bbox 975 241 1153 247; baseline 0 0"><span class='ocrx_word' id='word_1_21' title='bbox 975 241 1153 247; x_wconf 95' lang='lat' dir='ltr'> </span> 
     </span>
    </p>
   </div>
   <div class='ocr_carea' id='block_1_6' title="bbox 193 464 1225 1862">
    <p class='ocr_par' dir='ltr' id='par_1_6' title="bbox 193 464 1225 1766">
     <span class='ocr_line' id='line_1_8' title="bbox 194 464 1084 542; baseline 0.002 -2"><span class='ocrx_word' id='word_1_22' title='bbox 194 464 303 541; x_wconf 52' lang='lat' dir='ltr'>TU</span> <span class='ocrx_word' id='word_1_23' title='bbox 316 516 340 540; x_wconf 79' lang='lat' dir='ltr'>R</span> <span class='ocrx_word' id='word_1_24' title='bbox 352 516 378 539; x_wconf 88' lang='lat' dir='ltr'>D</span> <span class='ocrx_word' id='word_1_25' title='bbox 391 516 418 540; x_wconf 81' lang='lat' dir='ltr'>U</span> <span class='ocrx_word' id='word_1_26' title='bbox 431 515 447 540; x_wconf 84' lang='lat' dir='ltr'>s</span> <span class='ocrx_word' id='word_1_27' title='bbox 469 506 501 540; x_wconf 70' lang='grc' dir='ltr'>ὅ(</span> <span class='ocrx_word' id='word_1_28' title='bbox 523 505 688 539; x_wconf 87' lang='lat' dir='ltr'>Hirundo</span> <span class='ocrx_word' id='word_1_29' title='bbox 707 506 786 540; x_wconf 72' lang='lat' dir='ltr'>cum</span> <span class='ocrx_word' id='word_1_30' title='bbox 802 505 907 540; x_wconf 83' lang='lat' dir='ltr'>ferire</span> <span class='ocrx_word' id='word_1_31' title='bbox 921 515 1084 542; x_wconf 87' lang='lat' dir='ltr'>mutuum</span> 
     </span>
     <span class='ocr_line' id='line_1_9' title="bbox 196 555 1068 600; baseline 0 -11"><span class='ocrx_word' id='word_1_32' title='bbox 196 557 308 589; x_wconf 80' lang='lat' dir='ltr'>Fedus</span> <span class='ocrx_word' id='word_1_33' title='bbox 325 565 486 600; x_wconf 75' lang='lat' dir='ltr'>pararent</span> <span class='ocrx_word' id='word_1_34' title='bbox 497 581 507 596; x_wconf 87' lang='lat'>‚</span> <span class='ocrx_word' id='word_1_35' title='bbox 523 555 613 588; x_wconf 82' lang='lat' dir='ltr'>dixit</span> <span class='ocrx_word' id='word_1_36' title='bbox 627 556 702 588; x_wconf 72' lang='lat' dir='ltr'>haec</span> <span class='ocrx_word' id='word_1_37' title='bbox 719 567 726 588; x_wconf 93' lang='lat'>:</span> <span class='ocrx_word' id='word_1_38' title='bbox 741 556 909 589; x_wconf 90' lang='lat' dir='ltr'>Nondum</span> <span class='ocrx_word' id='word_1_39' title='bbox 925 555 1068 600; x_wconf 89' lang='lat' dir='ltr'>quidem</span> 
     </span>
     <span class='ocr_line' id='line_1_10' title="bbox 195 602 982 648; baseline -0.003 -9"><span class='ocrx_word' id='word_1_40' title='bbox 195 605 214 639; x_wconf 86' lang='lat' dir='ltr'>J</span> <span class='ocrx_word' id='word_1_41' title='bbox 218 607 354 638; x_wconf 85' lang='lat' dir='ltr'>ucunda</span> <span class='ocrx_word' id='word_1_42' title='bbox 370 604 530 638; x_wconf 74' lang='lat' dir='ltr'>alacritas</span> <span class='ocrx_word' id='word_1_43' title='bbox 546 603 664 637; x_wconf 88' lang='lat' dir='ltr'>omnis</span> <span class='ocrx_word' id='word_1_44' title='bbox 682 602 741 637; x_wconf 86' lang='lat' dir='ltr'>ista</span> <span class='ocrx_word' id='word_1_45' title='bbox 752 630 762 645; x_wconf 84' lang='lat'>,</span> <span class='ocrx_word' id='word_1_46' title='bbox 780 615 856 648; x_wconf 75' lang='lat' dir='ltr'>quae</span> <span class='ocrx_word' id='word_1_47' title='bbox 873 604 982 645; x_wconf 87' lang='lat' dir='ltr'>solet,</span> 
     </span>
     <span class='ocr_line' id='line_1_11' title="bbox 193 652 984 698; baseline 0 -11"><span class='ocrx_word' id='word_1_48' title='bbox 193 655 237 687; x_wconf 80' lang='lat' dir='ltr'>In</span> <span class='ocrx_word' id='word_1_49' title='bbox 256 665 312 687; x_wconf 89' lang='lat' dir='ltr'>me</span> <span class='ocrx_word' id='word_1_50' title='bbox 330 653 501 697; x_wconf 77' lang='lat' dir='ltr'>vigescit3</span> <span class='ocrx_word' id='word_1_51' title='bbox 519 653 650 698; x_wconf 85' lang='lat' dir='ltr'>quippe</span> <span class='ocrx_word' id='word_1_52' title='bbox 667 654 824 686; x_wconf 87' lang='lat' dir='ltr'>nondum</span> <span class='ocrx_word' id='word_1_53' title='bbox 841 652 984 698; x_wconf 84' lang='lat' dir='ltr'>frigoris</span> 
     </span>
     <span class='ocr_line' id='line_1_12' title="bbox 193 701 1206 749; baseline 0 -14"><span class='ocrx_word' id='word_1_54' title='bbox 193 703 348 747; x_wconf 77' lang='lat' dir='ltr'>Expulsa</span> <span class='ocrx_word' id='word_1_55' title='bbox 362 713 506 746; x_wconf 87' lang='lat' dir='ltr'>prorsus</span> <span class='ocrx_word' id='word_1_56' title='bbox 524 702 641 734; x_wconf 80' lang='lat' dir='ltr'>omnis</span> <span class='ocrx_word' id='word_1_57' title='bbox 656 701 704 733; x_wconf 89' lang='lat' dir='ltr'>est</span> <span class='ocrx_word' id='word_1_58' title='bbox 719 701 899 736; x_wconf 79' lang='lat' dir='ltr'>molestia:</span> <span class='ocrx_word' id='word_1_59' title='bbox 1199 738 1206 749; x_wconf 15' lang='grc' dir='ltr'>ὴ,</span> 
     </span>
     <span class='ocr_line' id='line_1_13' title="bbox 194 749 1206 790; baseline -0.005 -6"><span class='ocrx_word' id='word_1_60' title='bbox 194 752 242 785; x_wconf 89' lang='lat' dir='ltr'>At</span> <span class='ocrx_word' id='word_1_61' title='bbox 256 752 360 784; x_wconf 87' lang='lat' dir='ltr'>simul</span> <span class='ocrx_word' id='word_1_62' title='bbox 377 761 415 783; x_wconf 83' lang='lat' dir='ltr'>ac</span> <span class='ocrx_word' id='word_1_63' title='bbox 429 749 618 782; x_wconf 80' lang='lat' dir='ltr'>invaluerit</span> <span class='ocrx_word' id='word_1_64' title='bbox 635 749 774 783; x_wconf 72' lang='lat' dir='ltr'>aestivus</span> <span class='ocrx_word' id='word_1_65' title='bbox 791 751 907 790; x_wconf 80' lang='lat' dir='ltr'>calor,</span> <span class='ocrx_word' id='word_1_66' title='bbox 1181 755 1206 784; x_wconf 55' lang='lat' dir='ltr'>,i</span> 
     </span>
     <span class='ocr_line' id='line_1_14' title="bbox 194 797 1022 844; baseline -0.001 -11"><span class='ocrx_word' id='word_1_67' title='bbox 194 801 324 833; x_wconf 76' lang='lat' dir='ltr'>Totam</span> <span class='ocrx_word' id='word_1_68' title='bbox 342 801 538 844; x_wconf 76' lang='lat' dir='ltr'>elegantem</span> <span class='ocrx_word' id='word_1_69' title='bbox 554 809 610 831; x_wconf 89' lang='lat' dir='ltr'>me</span> <span class='ocrx_word' id='word_1_70' title='bbox 626 798 776 832; x_wconf 89' lang='lat' dir='ltr'>videbis.</span> <span class='ocrx_word' id='word_1_71' title='bbox 795 799 898 841; x_wconf 86' lang='lat' dir='ltr'>Quos</span> <span class='ocrx_word' id='word_1_72' title='bbox 914 797 1022 841; x_wconf 85' lang='lat' dir='ltr'>mihi,</span> 
     </span>
     <span class='ocr_line' id='line_1_15' title="bbox 194 846 1016 892; baseline -0.001 -10"><span class='ocrx_word' id='word_1_73' title='bbox 194 849 299 892; x_wconf 84' lang='lat' dir='ltr'>Quos</span> <span class='ocrx_word' id='word_1_74' title='bbox 311 874 319 889; x_wconf 91' lang='lat'>,</span> <span class='ocrx_word' id='word_1_75' title='bbox 335 848 473 880; x_wconf 82' lang='lat' dir='ltr'>Turdus</span> <span class='ocrx_word' id='word_1_76' title='bbox 491 846 608 890; x_wconf 79' lang='lat' dir='ltr'>inquit</span> <span class='ocrx_word' id='word_1_77' title='bbox 619 872 628 887; x_wconf 91' lang='lat'>,</span> <span class='ocrx_word' id='word_1_78' title='bbox 641 855 680 879; x_wconf 85' lang='lat' dir='ltr'>tu</span> <span class='ocrx_word' id='word_1_79' title='bbox 693 848 827 880; x_wconf 75' lang='lat' dir='ltr'>calores</span> <span class='ocrx_word' id='word_1_80' title='bbox 839 874 848 888; x_wconf 83' lang='lat'>,</span> <span class='ocrx_word' id='word_1_81' title='bbox 864 859 887 880; x_wconf 94' lang='lat' dir='ltr'>o</span> <span class='ocrx_word' id='word_1_82' title='bbox 901 848 994 881; x_wconf 86' lang='lat' dir='ltr'>bona</span> <span class='ocrx_word' id='word_1_83' title='bbox 1006 873 1016 889; x_wconf 85' lang='lat'>,</span> 
     </span>
     <span class='ocr_line' id='line_1_16' title="bbox 196 895 1225 946; baseline 0 -17"><span class='ocrx_word' id='word_1_84' title='bbox 196 899 466 931; x_wconf 82' lang='lat' dir='ltr'>Commemoras</span> <span class='ocrx_word' id='word_1_85' title='bbox 478 897 490 928; x_wconf 89' lang='lat'><strong>?</strong></span> <span class='ocrx_word' id='word_1_86' title='bbox 503 895 615 928; x_wconf 88' lang='lat' dir='ltr'>immo</span> <span class='ocrx_word' id='word_1_87' title='bbox 631 896 778 940; x_wconf 87' lang='lat' dir='ltr'>loquere</span> <span class='ocrx_word' id='word_1_88' title='bbox 792 895 879 928; x_wconf 85' lang='lat' dir='ltr'>mihi</span> <span class='ocrx_word' id='word_1_89' title='bbox 893 897 1052 930; x_wconf 84' lang='lat' dir='ltr'>brumam</span> <span class='ocrx_word' id='word_1_90' title='bbox 1062 924 1070 939; x_wconf 91' lang='lat'>,</span> <span class='ocrx_word' id='word_1_91' title='bbox 1085 899 1169 946; x_wconf 53' lang='lat' dir='ltr'>gell}</span> <span class='ocrx_word' id='word_1_92' title='bbox 1199 910 1208 936; x_wconf 61' lang='grc' dir='ltr'>ι)</span> <span class='ocrx_word' id='word_1_93' title='bbox 1224 915 1225 921; x_wconf 50' lang='lat'>1</span> 
     </span>
     <span class='ocr_line' id='line_1_17' title="bbox 195 943 1225 990; baseline 0.002 -11"><span class='ocrx_word' id='word_1_94' title='bbox 195 947 277 979; x_wconf 84' lang='lat' dir='ltr'>Hoc</span> <span class='ocrx_word' id='word_1_95' title='bbox 294 948 406 990; x_wconf 86' lang='lat' dir='ltr'>placet</span> <span class='ocrx_word' id='word_1_96' title='bbox 421 958 428 977; x_wconf 92' lang='lat'>:</span> <span class='ocrx_word' id='word_1_97' title='bbox 443 945 518 978; x_wconf 76' lang='lat' dir='ltr'>haec</span> <span class='ocrx_word' id='word_1_98' title='bbox 535 954 591 977; x_wconf 86' lang='lat' dir='ltr'>me</span> <span class='ocrx_word' id='word_1_99' title='bbox 608 943 690 976; x_wconf 79' lang='lat' dir='ltr'>anni</span> <span class='ocrx_word' id='word_1_100' title='bbox 707 944 779 977; x_wconf 85' lang='lat' dir='ltr'>sola</span> <span class='ocrx_word' id='word_1_101' title='bbox 794 944 977 989; x_wconf 85' lang='lat' dir='ltr'>tempestas</span> <span class='ocrx_word' id='word_1_102' title='bbox 992 943 1108 986; x_wconf 86' lang='lat' dir='ltr'>juvat:</span> <span class='ocrx_word' id='word_1_103' title='bbox 1224 945 1225 951; x_wconf 49' lang='lat'>¹</span> 
     </span>
     <span class='ocr_line' id='line_1_18' title="bbox 194 993 1036 1039; baseline -0.001 -11"><span class='ocrx_word' id='word_1_104' title='bbox 194 996 320 1039; x_wconf 84' lang='lat' dir='ltr'><strong>Neque</strong></span> <span class='ocrx_word' id='word_1_105' title='bbox 334 993 415 1027; x_wconf 81' lang='lat' dir='ltr'>satis</span> <span class='ocrx_word' id='word_1_106' title='bbox 434 993 506 1038; x_wconf 87' lang='lat' dir='ltr'>ipse</span> <span class='ocrx_word' id='word_1_107' title='bbox 518 1019 526 1034; x_wconf 90' lang='lat'>‚</span> <span class='ocrx_word' id='word_1_108' title='bbox 542 993 725 1037; x_wconf 88' lang='lat' dir='ltr'>quomodo</span> <span class='ocrx_word' id='word_1_109' title='bbox 743 993 930 1035; x_wconf 85' lang='lat' dir='ltr'>acciderit,</span> <span class='ocrx_word' id='word_1_110' title='bbox 945 993 1036 1036; x_wconf 88' lang='lat' dir='ltr'>scio,</span> 
     </span>
     <span class='ocr_line' id='line_1_19' title="bbox 194 1041 985 1087; baseline -0.004 -10"><span class='ocrx_word' id='word_1_111' title='bbox 194 1043 262 1078; x_wconf 80' lang='lat' dir='ltr'>His</span> <span class='ocrx_word' id='word_1_112' title='bbox 279 1053 317 1076; x_wconf 90' lang='lat' dir='ltr'>ut</span> <span class='ocrx_word' id='word_1_113' title='bbox 331 1043 399 1076; x_wconf 87' lang='lat' dir='ltr'>sim</span> <span class='ocrx_word' id='word_1_114' title='bbox 414 1042 452 1075; x_wconf 86' lang='lat' dir='ltr'>in</span> <span class='ocrx_word' id='word_1_115' title='bbox 467 1041 557 1087; x_wconf 82' lang='lat' dir='ltr'>agris</span> <span class='ocrx_word' id='word_1_116' title='bbox 571 1051 812 1075; x_wconf 82' lang='lat' dir='ltr'>commoratus</span> <span class='ocrx_word' id='word_1_117' title='bbox 829 1043 961 1076; x_wconf 85' lang='lat' dir='ltr'>tamdiu</span> <span class='ocrx_word' id='word_1_118' title='bbox 974 1054 985 1081; x_wconf 76' lang='lat'><em>3</em></span> 
     </span>
     <span class='ocr_line' id='line_1_20' title="bbox 195 1089 1078 1136; baseline 0 -10"><span class='ocrx_word' id='word_1_119' title='bbox 195 1094 287 1126; x_wconf 87' lang='lat' dir='ltr'>Nam</span> <span class='ocrx_word' id='word_1_120' title='bbox 305 1092 401 1136; x_wconf 88' lang='lat' dir='ltr'>quod</span> <span class='ocrx_word' id='word_1_121' title='bbox 414 1089 598 1123; x_wconf 83' lang='lat' dir='ltr'>molestum</span> <span class='ocrx_word' id='word_1_122' title='bbox 614 1089 722 1135; x_wconf 81' lang='lat' dir='ltr'>frigus</span> <span class='ocrx_word' id='word_1_123' title='bbox 741 1089 933 1124; x_wconf 78' lang='lat' dir='ltr'>etiamnum</span> <span class='ocrx_word' id='word_1_124' title='bbox 945 1101 1078 1134; x_wconf 82' lang='lat' dir='ltr'>vocas,</span> 
     </span>
     <span class='ocr_line' id='line_1_21' title="bbox 195 1138 996 1185; baseline -0.001 -11"><span class='ocrx_word' id='word_1_125' title='bbox 195 1142 303 1175; x_wconf 88' lang='lat' dir='ltr'>Hunc</span> <span class='ocrx_word' id='word_1_126' title='bbox 319 1152 385 1185; x_wconf 82' lang='lat' dir='ltr'>ego</span> <span class='ocrx_word' id='word_1_127' title='bbox 400 1141 553 1172; x_wconf 89' lang='lat' dir='ltr'>calorem</span> <span class='ocrx_word' id='word_1_128' title='bbox 567 1139 633 1171; x_wconf 81' lang='lat' dir='ltr'>vix</span> <span class='ocrx_word' id='word_1_129' title='bbox 649 1138 867 1172; x_wconf 79' lang='lat' dir='ltr'>tolerabilem</span> <span class='ocrx_word' id='word_1_130' title='bbox 884 1149 972 1184; x_wconf 87' lang='lat' dir='ltr'>puto</span> <span class='ocrx_word' id='word_1_131' title='bbox 986 1153 996 1174; x_wconf 71' lang='grc' dir='ltr'><strong><em>ε</em></strong></span> 
     </span>
     <span class='ocr_line' id='line_1_22' title="bbox 198 1187 1012 1234; baseline -0.001 -11"><span class='ocrx_word' id='word_1_132' title='bbox 198 1191 426 1234; x_wconf 78' lang='lat' dir='ltr'>Quapropter</span> <span class='ocrx_word' id='word_1_133' title='bbox 441 1188 525 1221; x_wconf 81' lang='lat' dir='ltr'>alias</span> <span class='ocrx_word' id='word_1_134' title='bbox 540 1187 801 1221; x_wconf 83' lang='lat' dir='ltr'>commodiores</span> <span class='ocrx_word' id='word_1_135' title='bbox 816 1188 854 1222; x_wconf 89' lang='lat' dir='ltr'>in</span> <span class='ocrx_word' id='word_1_136' title='bbox 869 1190 986 1234; x_wconf 77' lang='lat' dir='ltr'>plagas</span> <span class='ocrx_word' id='word_1_137' title='bbox 1001 1214 1012 1230; x_wconf 90' lang='lat'>,</span> 
     </span>
     <span class='ocr_line' id='line_1_23' title="bbox 195 1236 1017 1277; baseline -0.002 -5"><span class='ocrx_word' id='word_1_138' title='bbox 195 1239 268 1272; x_wconf 83' lang='lat' dir='ltr'>Ubi</span> <span class='ocrx_word' id='word_1_139' title='bbox 285 1249 359 1271; x_wconf 87' lang='lat' dir='ltr'>non</span> <span class='ocrx_word' id='word_1_140' title='bbox 375 1238 493 1270; x_wconf 81' lang='lat' dir='ltr'>adurat</span> <span class='ocrx_word' id='word_1_141' title='bbox 508 1247 564 1269; x_wconf 90' lang='lat' dir='ltr'>me</span> <span class='ocrx_word' id='word_1_142' title='bbox 581 1236 749 1277; x_wconf 79' lang='lat' dir='ltr'>s01‚l1inc</span> <span class='ocrx_word' id='word_1_143' title='bbox 764 1248 820 1271; x_wconf 90' lang='lat' dir='ltr'>me</span> <span class='ocrx_word' id='word_1_144' title='bbox 838 1237 1017 1271; x_wconf 87' lang='lat' dir='ltr'>conferam</span> 
     </span>
     <span class='ocr_line' id='line_1_24' title="bbox 197 1283 1094 1330; baseline 0.001 -10"><span class='ocrx_word' id='word_1_145' title='bbox 197 1286 472 1330; x_wconf 77' lang='lat' dir='ltr'>Quamprimum</span> <span class='ocrx_word' id='word_1_146' title='bbox 489 1298 497 1318; x_wconf 74' lang='grc' dir='ltr'>ε</span> <span class='ocrx_word' id='word_1_147' title='bbox 516 1284 605 1318; x_wconf 82' lang='lat' dir='ltr'>‘mire</span> <span class='ocrx_word' id='word_1_148' title='bbox 620 1283 691 1326; x_wconf 77' lang='lat' dir='ltr'>jam</span> <span class='ocrx_word' id='word_1_149' title='bbox 704 1297 789 1330; x_wconf 90' lang='lat' dir='ltr'>ergo</span> <span class='ocrx_word' id='word_1_150' title='bbox 802 1285 833 1319; x_wconf 89' lang='lat' dir='ltr'>si</span> <span class='ocrx_word' id='word_1_151' title='bbox 848 1297 987 1320; x_wconf 89' lang='lat' dir='ltr'>mecum</span> <span class='ocrx_word' id='word_1_152' title='bbox 1000 1284 1094 1321; x_wconf 83' lang='lat' dir='ltr'>velis</span> 
     </span>
     <span class='ocr_line' id='line_1_25' title="bbox 196 1333 991 1378; baseline -0.001 -9"><span class='ocrx_word' id='word_1_153' title='bbox 196 1337 300 1369; x_wconf 78' lang='lat' dir='ltr'>Hanc</span> <span class='ocrx_word' id='word_1_154' title='bbox 315 1335 518 1369; x_wconf 84' lang='lat' dir='ltr'>societatem</span> <span class='ocrx_word' id='word_1_155' title='bbox 530 1360 538 1374; x_wconf 88' lang='lat'>‚</span> <span class='ocrx_word' id='word_1_156' title='bbox 554 1333 682 1377; x_wconf 75' lang='lat' dir='ltr'>placita</span> <span class='ocrx_word' id='word_1_157' title='bbox 696 1345 772 1378; x_wconf 81' lang='lat' dir='ltr'>quae</span> <span class='ocrx_word' id='word_1_158' title='bbox 789 1334 891 1368; x_wconf 84' lang='lat' dir='ltr'>nobis</span> <span class='ocrx_word' id='word_1_159' title='bbox 904 1334 971 1368; x_wconf 87' lang='lat' dir='ltr'>fuit</span> <span class='ocrx_word' id='word_1_160' title='bbox 981 1361 991 1377; x_wconf 86' lang='lat'><em>‚</em></span> 
     </span>
     <span class='ocr_line' id='line_1_26' title="bbox 197 1381 928 1427; baseline -0.001 -9"><span class='ocrx_word' id='word_1_161' title='bbox 197 1387 252 1418; x_wconf 86' lang='lat' dir='ltr'>Ne</span> <span class='ocrx_word' id='word_1_162' title='bbox 270 1383 401 1418; x_wconf 85' lang='lat' dir='ltr'>sociam</span> <span class='ocrx_word' id='word_1_163' title='bbox 417 1382 552 1416; x_wconf 85' lang='lat' dir='ltr'>itineris</span> <span class='ocrx_word' id='word_1_164' title='bbox 566 1381 632 1415; x_wconf 80' lang='lat' dir='ltr'>effe</span> <span class='ocrx_word' id='word_1_165' title='bbox 649 1391 683 1415; x_wconf 88' lang='lat' dir='ltr'>te</span> <span class='ocrx_word' id='word_1_166' title='bbox 697 1384 814 1427; x_wconf 83' lang='lat' dir='ltr'>pigeat</span> <span class='ocrx_word' id='word_1_167' title='bbox 827 1382 928 1417; x_wconf 89' lang='lat' dir='ltr'>mihi.</span> 
     </span>
     <span class='ocr_line' id='line_1_27' title="bbox 199 1430 1022 1476; baseline -0.001 -10"><span class='ocrx_word' id='word_1_168' title='bbox 199 1434 364 1467; x_wconf 84' lang='lat' dir='ltr'>Hirundo</span> <span class='ocrx_word' id='word_1_169' title='bbox 381 1431 501 1465; x_wconf 85' lang='lat' dir='ltr'>retulit</span> <span class='ocrx_word' id='word_1_170' title='bbox 515 1443 523 1465; x_wconf 88' lang='lat'>:</span> <span class='ocrx_word' id='word_1_171' title='bbox 538 1430 655 1464; x_wconf 84' lang='lat' dir='ltr'>Video</span> <span class='ocrx_word' id='word_1_172' title='bbox 672 1441 764 1464; x_wconf 88' lang='lat' dir='ltr'>nunc</span> <span class='ocrx_word' id='word_1_173' title='bbox 780 1431 815 1464; x_wconf 90' lang='lat' dir='ltr'>id</span> <span class='ocrx_word' id='word_1_174' title='bbox 831 1432 925 1476; x_wconf 87' lang='lat' dir='ltr'>quod</span> <span class='ocrx_word' id='word_1_175' title='bbox 940 1431 1022 1465; x_wconf 84' lang='lat' dir='ltr'>satis</span> 
     </span>
     <span class='ocr_line' id='line_1_28' title="bbox 196 1478 1152 1525; baseline 0.001 -10"><span class='ocrx_word' id='word_1_176' title='bbox 196 1481 397 1525; x_wconf 84' lang='lat' dir='ltr'>Perspicere</span> <span class='ocrx_word' id='word_1_177' title='bbox 413 1491 457 1513; x_wconf 87' lang='lat' dir='ltr'>ne</span> <span class='ocrx_word' id='word_1_178' title='bbox 473 1478 606 1523; x_wconf 80' lang='lat' dir='ltr'>poffem</span> <span class='ocrx_word' id='word_1_179' title='bbox 618 1504 627 1519; x_wconf 87' lang='lat'>,</span> <span class='ocrx_word' id='word_1_180' title='bbox 643 1479 679 1511; x_wconf 90' lang='lat' dir='ltr'>in</span> <span class='ocrx_word' id='word_1_181' title='bbox 695 1488 728 1512; x_wconf 82' lang='lat' dir='ltr'>te</span> <span class='ocrx_word' id='word_1_182' title='bbox 745 1491 844 1512; x_wconf 86' lang='lat' dir='ltr'>amor</span> <span class='ocrx_word' id='word_1_183' title='bbox 859 1479 973 1512; x_wconf 87' lang='lat' dir='ltr'>vetuit</span> <span class='ocrx_word' id='word_1_184' title='bbox 986 1491 1106 1516; x_wconf 70' lang='lat' dir='ltr'>meust</span> <span class='ocrx_word' id='word_1_185' title='bbox 1149 1487 1152 1489; x_wconf 71' lang='grc'><strong><em>’</em></strong></span> 
     </span>
     <span class='ocr_line' id='line_1_29' title="bbox 196 1527 1172 1571; baseline -0.003 -8"><span class='ocrx_word' id='word_1_186' title='bbox 196 1531 272 1563; x_wconf 90' lang='lat' dir='ltr'>Nec</span> <span class='ocrx_word' id='word_1_187' title='bbox 286 1529 376 1562; x_wconf 81' lang='lat' dir='ltr'>ratio</span> <span class='ocrx_word' id='word_1_188' title='bbox 390 1538 455 1562; x_wconf 91' lang='lat' dir='ltr'>nec</span> <span class='ocrx_word' id='word_1_189' title='bbox 469 1528 520 1561; x_wconf 86' lang='lat' dir='ltr'>fas</span> <span class='ocrx_word' id='word_1_190' title='bbox 537 1528 659 1571; x_wconf 87' lang='lat' dir='ltr'>degere</span> <span class='ocrx_word' id='word_1_191' title='bbox 677 1528 781 1560; x_wconf 87' lang='lat' dir='ltr'>simul</span> <span class='ocrx_word' id='word_1_192' title='bbox 797 1539 862 1561; x_wconf 87' lang='lat' dir='ltr'>nos</span> <span class='ocrx_word' id='word_1_193' title='bbox 879 1527 1022 1564; x_wconf 83' lang='lat' dir='ltr'>sinunt:</span> <span class='ocrx_word' id='word_1_194' title='bbox 1151 1531 1153 1533; x_wconf 86' lang='grc'><strong>’</strong></span> <span class='ocrx_word' id='word_1_195' title='bbox 1169 1527 1172 1533; x_wconf 96' lang='grc'>’</span> 
     </span>
     <span class='ocr_line' id='line_1_30' title="bbox 197 1575 1022 1620; baseline -0.002 -8"><span class='ocrx_word' id='word_1_196' title='bbox 197 1580 241 1612; x_wconf 81' lang='lat' dir='ltr'>Et</span> <span class='ocrx_word' id='word_1_197' title='bbox 255 1590 310 1612; x_wconf 89' lang='lat' dir='ltr'>me</span> <span class='ocrx_word' id='word_1_198' title='bbox 324 1577 416 1611; x_wconf 87' lang='lat' dir='ltr'>inter</span> <span class='ocrx_word' id='word_1_199' title='bbox 430 1577 464 1609; x_wconf 85' lang='lat'>&amp;</span> <span class='ocrx_word' id='word_1_200' title='bbox 479 1586 512 1608; x_wconf 86' lang='lat' dir='ltr'>te</span> <span class='ocrx_word' id='word_1_201' title='bbox 527 1575 694 1619; x_wconf 73' lang='lat' dir='ltr'>discrepat</span> <span class='ocrx_word' id='word_1_202' title='bbox 710 1587 876 1620; x_wconf 80' lang='lat' dir='ltr'>perquam</span> <span class='ocrx_word' id='word_1_203' title='bbox 890 1576 996 1610; x_wconf 84' lang='lat' dir='ltr'>nimis</span> <span class='ocrx_word' id='word_1_204' title='bbox 1010 1590 1022 1612; x_wconf 70' lang='grc' dir='ltr'>ι</span> 
     </span>
     <span class='ocr_line' id='line_1_31' title="bbox 197 1623 987 1670; baseline -0.004 -9"><span class='ocrx_word' id='word_1_205' title='bbox 197 1628 290 1661; x_wconf 82' lang='lat' dir='ltr'>Nam</span> <span class='ocrx_word' id='word_1_206' title='bbox 306 1625 435 1670; x_wconf 77' lang='lat' dir='ltr'>frigora</span> <span class='ocrx_word' id='word_1_207' title='bbox 451 1623 514 1658; x_wconf 87' lang='lat' dir='ltr'>tibi</span> <span class='ocrx_word' id='word_1_208' title='bbox 528 1625 600 1657; x_wconf 87' lang='lat' dir='ltr'>sola</span> <span class='ocrx_word' id='word_1_209' title='bbox 615 1650 624 1664; x_wconf 89' lang='lat'>,</span> <span class='ocrx_word' id='word_1_210' title='bbox 639 1623 725 1656; x_wconf 80' lang='lat' dir='ltr'>mihi</span> <span class='ocrx_word' id='word_1_211' title='bbox 742 1626 987 1658; x_wconf 82' lang='lat' dir='ltr'>tantummodo</span> 
     </span>
     <span class='ocr_line' id='line_1_32' title="bbox 200 1672 950 1717; baseline -0.003 -8"><span class='ocrx_word' id='word_1_212' title='bbox 200 1675 345 1710; x_wconf 81' lang='lat' dir='ltr'>Placent</span> <span class='ocrx_word' id='word_1_213' title='bbox 361 1674 494 1707; x_wconf 83' lang='lat' dir='ltr'>calores</span> <span class='ocrx_word' id='word_1_214' title='bbox 509 1685 517 1706; x_wconf 76' lang='lat' dir='ltr'>t</span> <span class='ocrx_word' id='word_1_215' title='bbox 535 1672 652 1716; x_wconf 80' lang='lat' dir='ltr'>itaque</span> <span class='ocrx_word' id='word_1_216' title='bbox 667 1683 731 1705; x_wconf 91' lang='lat' dir='ltr'>nos</span> <span class='ocrx_word' id='word_1_217' title='bbox 747 1673 950 1717; x_wconf 78' lang='lat' dir='ltr'>regionibus</span> 
     </span>
     <span class='ocr_line' id='line_1_33' title="bbox 201 1720 840 1766; baseline -0.003 -9"><span class='ocrx_word' id='word_1_218' title='bbox 201 1723 366 1758; x_wconf 84' lang='lat' dir='ltr'>Habitare</span> <span class='ocrx_word' id='word_1_219' title='bbox 379 1721 486 1766; x_wconf 81' lang='lat' dir='ltr'>longe</span> <span class='ocrx_word' id='word_1_220' title='bbox 503 1720 669 1765; x_wconf 84' lang='lat' dir='ltr'>separatis</span> <span class='ocrx_word' id='word_1_221' title='bbox 684 1721 840 1764; x_wconf 84' lang='lat' dir='ltr'>expedit.</span> 
     </span>
    </p>

    <p class='ocr_par' dir='ltr' id='par_1_7' title="bbox 202 1768 959 1862">
     <span class='ocr_line' id='line_1_34' title="bbox 250 1768 959 1816; baseline -0.001 -11"><span class='ocrx_word' id='word_1_222' title='bbox 250 1771 394 1816; x_wconf 85' lang='lat' dir='ltr'>Ingenia</span> <span class='ocrx_word' id='word_1_223' title='bbox 409 1770 439 1804; x_wconf 87' lang='lat' dir='ltr'>si</span> <span class='ocrx_word' id='word_1_224' title='bbox 455 1781 528 1803; x_wconf 90' lang='lat' dir='ltr'>non</span> <span class='ocrx_word' id='word_1_225' title='bbox 542 1768 696 1802; x_wconf 85' lang='lat' dir='ltr'>invicem</span> <span class='ocrx_word' id='word_1_226' title='bbox 709 1769 959 1813; x_wconf 80' lang='lat' dir='ltr'>convenerint,</span> 
     </span>
     <span class='ocr_line' id='line_1_35' title="bbox 202 1817 890 1862; baseline -0.006 -6"><span class='ocrx_word' id='word_1_227' title='bbox 202 1821 339 1856; x_wconf 72' lang='lat' dir='ltr'>Sociale</span> <span class='ocrx_word' id='word_1_228' title='bbox 357 1820 453 1856; x_wconf 81' lang='lat' dir='ltr'>fedus</span> <span class='ocrx_word' id='word_1_229' title='bbox 467 1829 510 1853; x_wconf 85' lang='lat' dir='ltr'>ne</span> <span class='ocrx_word' id='word_1_230' title='bbox 526 1818 687 1862; x_wconf 78' lang='lat' dir='ltr'>feriatur,</span> <span class='ocrx_word' id='word_1_231' title='bbox 702 1817 818 1854; x_wconf 83' lang='lat' dir='ltr'>cautio</span> <span class='ocrx_word' id='word_1_232' title='bbox 831 1817 890 1857; x_wconf 87' lang='lat' dir='ltr'>est.</span> 
     </span>
    </p>
   </div>
   <div class='ocr_carea' id='block_1_7' title="bbox 1100 834 1225 2367">
    <p class='ocr_par' dir='ltr' id='par_1_8' title="bbox 1100 834 1225 2367">
     <span class='ocr_line' id='line_1_36' title="bbox 1100 834 1225 2367; baseline 0 0"><span class='ocrx_word' id='word_1_233' title='bbox 1100 834 1225 2367; x_wconf 95' lang='lat' dir='ltr'>      </span> 
     </span>
    </p>
   </div>
   <div class='ocr_carea' id='block_1_8' title="bbox 1215 645 1225 1246">
    <p class='ocr_par' dir='ltr' id='par_1_9' title="bbox 1215 645 1225 1246">
     <span class='ocr_line' id='line_1_37' title="bbox 1215 645 1225 1246; baseline 0 0"><span class='ocrx_word' id='word_1_234' title='bbox 1215 645 1225 1246; x_wconf 95' lang='lat' dir='ltr'> </span> 
     </span>
    </p>
   </div>
   <div class='ocr_carea' id='block_1_9' title="bbox 1195 645 1225 2288">
    <p class='ocr_par' dir='ltr' id='par_1_10' title="bbox 1195 645 1225 2288">
     <span class='ocr_line' id='line_1_38' title="bbox 1195 645 1225 2288; baseline 0 0"><span class='ocrx_word' id='word_1_235' title='bbox 1195 645 1225 2288; x_wconf 95' lang='lat' dir='ltr'> </span> 
     </span>
    </p>
   </div>
  </div>
 </body>
</html>
