<?xml version="1.0" encoding="UTF-8"?>
<!DOCTYPE html PUBLIC "-//W3C//DTD XHTML 1.0 Transitional//EN"
    "http://www.w3.org/TR/xhtml1/DTD/xhtml1-transitional.dtd">
<html xmlns="http://www.w3.org/1999/xhtml" xml:lang="en" lang="en">
 <head>
  <title>
</title>
<meta http-equiv="Content-Type" content="text/html;charset=utf-8" />
  <meta name='ocr-system' content='tesseract 3.04.00' />
  <meta name='ocr-capabilities' content='ocr_page ocr_carea ocr_par ocr_line ocrx_word'/>
</head>
<body>
  <div class='ocr_page' id='page_1' title='image "./fabulaeaesopiaec00desbuoft_0429.png"; bbox 0 0 1268 2361; ppageno 0'>
   <div class='ocr_carea' id='block_1_1' title="bbox 90 151 1050 278">
    <p class='ocr_par' dir='ltr' id='par_1_1' title="bbox 90 151 1050 278">
     <span class='ocr_line' id='line_1_1' title="bbox 146 151 1050 213; baseline 0.002 -16"><span class='ocrx_word' id='word_1_1' title='bbox 146 151 317 198; x_wconf 67' lang='lat' dir='ltr'><em>LIBER</em></span> <span class='ocrx_word' id='word_1_2' title='bbox 359 161 621 197; x_wconf 81' lang='lat' dir='ltr'><strong><em>DECIMUS</em></strong></span> <span class='ocrx_word' id='word_1_3' title='bbox 655 160 924 207; x_wconf 59' lang='lat' dir='ltr'><em>QUINTUS.</em></span> <span class='ocrx_word' id='word_1_4' title='bbox 964 151 1050 213; x_wconf 82' lang='lat'>385</span> 
     </span>
     <span class='ocr_line' id='line_1_2' title="bbox 90 231 1050 278; baseline 0.001 -6"><span class='ocrx_word' id='word_1_5' title='bbox 90 231 862 278; x_wconf 52' lang='lat' dir='ltr'>«t-——=⁹-÷=3,f,&#39;“e=-2——--</span> <span class='ocrx_word' id='word_1_6' title='bbox 1028 245 1050 269; x_wconf 49' lang='grc' dir='ltr'><strong><em>υ</em></strong></span> 
     </span>
    </p>
   </div>
   <div class='ocr_carea' id='block_1_2' title="bbox 220 317 905 473">
    <p class='ocr_par' dir='ltr' id='par_1_2' title="bbox 220 317 905 473">
     <span class='ocr_line' id='line_1_3' title="bbox 220 317 905 364; baseline -0.001 0"><span class='ocrx_word' id='word_1_7' title='bbox 220 319 548 364; x_wconf 82' lang='lat' dir='ltr'>FABULA</span> <span class='ocrx_word' id='word_1_8' title='bbox 617 317 905 364; x_wconf 85' lang='lat' dir='ltr'>XXXIV.</span> 
     </span>
     <span class='ocr_line' id='line_1_4' title="bbox 326 410 814 473; baseline 0.004 -17"><span class='ocrx_word' id='word_1_9' title='bbox 326 414 486 457; x_wconf 82' lang='lat' dir='ltr'><em>Simius</em></span> <span class='ocrx_word' id='word_1_10' title='bbox 505 410 547 458; x_wconf 73' lang='lat' dir='ltr'>G·</span> <span class='ocrx_word' id='word_1_11' title='bbox 566 413 614 455; x_wconf 91' lang='lat' dir='ltr'><em>V</em></span> <span class='ocrx_word' id='word_1_12' title='bbox 610 417 814 473; x_wconf 80' lang='lat' dir='ltr'>ulpecula.</span> 
     </span>
    </p>
   </div>
   <div class='ocr_carea' id='block_1_3' title="bbox 119 261 347 267">
    <p class='ocr_par' dir='ltr' id='par_1_3' title="bbox 119 261 347 267">
     <span class='ocr_line' id='line_1_5' title="bbox 119 261 347 267; baseline 0 0"><span class='ocrx_word' id='word_1_13' title='bbox 119 261 347 267; x_wconf 95' lang='lat' dir='ltr'> </span> 
     </span>
    </p>
   </div>
   <div class='ocr_carea' id='block_1_4' title="bbox 797 247 1026 267">
    <p class='ocr_par' dir='ltr' id='par_1_4' title="bbox 797 247 1026 267">
     <span class='ocr_line' id='line_1_6' title="bbox 797 247 1026 267; baseline 0 2094"><span class='ocrx_word' id='word_1_14' title='bbox 797 247 1026 267; x_wconf 95' lang='lat' dir='ltr'> </span> 
     </span>
    </p>
   </div>
   <div class='ocr_carea' id='block_1_5' title="bbox 681 262 794 267">
    <p class='ocr_par' dir='ltr' id='par_1_5' title="bbox 681 262 794 267">
     <span class='ocr_line' id='line_1_7' title="bbox 681 262 794 267; baseline 0 0"><span class='ocrx_word' id='word_1_15' title='bbox 681 262 794 267; x_wconf 95' lang='lat' dir='ltr'> </span> 
     </span>
    </p>
   </div>
   <div class='ocr_carea' id='block_1_6' title="bbox 67 486 899 669">
    <p class='ocr_par' dir='ltr' id='par_1_6' title="bbox 67 486 899 669">
     <span class='ocr_line' id='line_1_8' title="bbox 67 486 849 571; baseline 0 -11"><span class='ocrx_word' id='word_1_16' title='bbox 67 486 151 568; x_wconf 40' lang='lat' dir='ltr'>§A</span> <span class='ocrx_word' id='word_1_17' title='bbox 164 535 185 561; x_wconf 85' lang='lat' dir='ltr'>c</span> <span class='ocrx_word' id='word_1_18' title='bbox 198 536 222 560; x_wconf 81' lang='lat' dir='ltr'>&#39;r</span> <span class='ocrx_word' id='word_1_19' title='bbox 235 536 259 559; x_wconf 78' lang='grc' dir='ltr'><strong>Α</strong></span> <span class='ocrx_word' id='word_1_20' title='bbox 274 536 293 559; x_wconf 78' lang='lat' dir='ltr'>n</span> <span class='ocrx_word' id='word_1_21' title='bbox 308 534 328 559; x_wconf 85' lang='grc' dir='ltr'>Α</span> <span class='ocrx_word' id='word_1_22' title='bbox 342 537 367 560; x_wconf 84' lang='grc' dir='ltr'>τ</span> <span class='ocrx_word' id='word_1_23' title='bbox 389 526 477 560; x_wconf 85' lang='lat' dir='ltr'>olim</span> <span class='ocrx_word' id='word_1_24' title='bbox 493 526 623 560; x_wconf 77' lang='lat' dir='ltr'>Simius</span> <span class='ocrx_word' id='word_1_25' title='bbox 640 527 849 571; x_wconf 84' lang='lat' dir='ltr'>Vulpeculae</span> 
     </span>
     <span class='ocr_line' id='line_1_9' title="bbox 70 576 899 619; baseline -0.001 -9"><span class='ocrx_word' id='word_1_26' title='bbox 70 578 175 610; x_wconf 86' lang='lat' dir='ltr'>Suam</span> <span class='ocrx_word' id='word_1_27' title='bbox 186 602 195 616; x_wconf 85' lang='lat'>‚</span> <span class='ocrx_word' id='word_1_28' title='bbox 211 576 430 619; x_wconf 79' lang='lat' dir='ltr'>exprimendi</span> <span class='ocrx_word' id='word_1_29' title='bbox 444 576 647 608; x_wconf 82' lang='lat' dir='ltr'>animalium</span> <span class='ocrx_word' id='word_1_30' title='bbox 662 576 899 619; x_wconf 86' lang='lat' dir='ltr'>quorumlibet</span> 
     </span>
     <span class='ocr_line' id='line_1_10' title="bbox 72 624 884 669; baseline 0.001 -12"><span class='ocrx_word' id='word_1_31' title='bbox 72 624 198 657; x_wconf 79' lang='lat' dir='ltr'>Gestus</span> <span class='ocrx_word' id='word_1_32' title='bbox 214 625 247 657; x_wconf 67' lang='grc' dir='ltr'>δι</span> <span class='ocrx_word' id='word_1_33' title='bbox 263 625 400 657; x_wconf 74' lang='lat' dir='ltr'>habitus</span> <span class='ocrx_word' id='word_1_34' title='bbox 411 649 422 666; x_wconf 79' lang='grc'><em>,</em></span> <span class='ocrx_word' id='word_1_35' title='bbox 435 624 648 669; x_wconf 71' lang='lat' dir='ltr'>singularem</span> <span class='ocrx_word' id='word_1_36' title='bbox 669 625 884 658; x_wconf 81' lang='lat' dir='ltr'>industriam.</span> 
     </span>
    </p>
   </div>
   <div class='ocr_carea' id='block_1_7' title="bbox 0 673 850 716">
    <p class='ocr_par' dir='ltr' id='par_1_7' title="bbox 0 673 850 716">
     <span class='ocr_line' id='line_1_11' title="bbox 0 673 850 716; baseline 0.004 -12"><span class='ocrx_word' id='word_1_37' title='bbox 0 691 5 704; x_wconf 62' lang='grc' dir='ltr'>ι</span> <span class='ocrx_word' id='word_1_38' title='bbox 72 673 271 716; x_wconf 87' lang='lat' dir='ltr'>Vulpecula</span> <span class='ocrx_word' id='word_1_39' title='bbox 285 673 388 705; x_wconf 80' lang='lat' dir='ltr'><strong>refert</strong></span> <span class='ocrx_word' id='word_1_40' title='bbox 403 686 411 706; x_wconf 90' lang='lat'>:</span> <span class='ocrx_word' id='word_1_41' title='bbox 428 674 506 706; x_wconf 85' lang='lat' dir='ltr'>Hoc</span> <span class='ocrx_word' id='word_1_42' title='bbox 520 673 583 706; x_wconf 82' lang='lat' dir='ltr'>tibi</span> <span class='ocrx_word' id='word_1_43' title='bbox 600 673 690 706; x_wconf 79' lang='lat' dir='ltr'>dabo</span> <span class='ocrx_word' id='word_1_44' title='bbox 706 675 828 707; x_wconf 87' lang='lat' dir='ltr'>lubens</span> <span class='ocrx_word' id='word_1_45' title='bbox 840 699 850 715; x_wconf 85' lang='lat'>‚</span> 
     </span>
    </p>
   </div>
   <div class='ocr_carea' id='block_1_8' title="bbox 71 720 934 911">
    <p class='ocr_par' dir='ltr' id='par_1_8' title="bbox 71 720 934 766">
     <span class='ocr_line' id='line_1_12' title="bbox 71 720 934 766; baseline 0.002 -13"><span class='ocrx_word' id='word_1_46' title='bbox 71 722 218 754; x_wconf 78' lang='lat' dir='ltr'>Nullum</span> <span class='ocrx_word' id='word_1_47' title='bbox 237 720 363 754; x_wconf 80' lang='lat' dir='ltr'>animal</span> <span class='ocrx_word' id='word_1_48' title='bbox 377 721 444 754; x_wconf 84' lang='lat' dir='ltr'>effe</span> <span class='ocrx_word' id='word_1_49' title='bbox 461 748 468 761; x_wconf 93' lang='lat'>,</span> <span class='ocrx_word' id='word_1_50' title='bbox 484 723 578 765; x_wconf 84' lang='lat' dir='ltr'>quod</span> <span class='ocrx_word' id='word_1_51' title='bbox 592 721 722 753; x_wconf 81' lang='lat' dir='ltr'>imitari</span> <span class='ocrx_word' id='word_1_52' title='bbox 740 733 811 754; x_wconf 89' lang='lat' dir='ltr'>non</span> <span class='ocrx_word' id='word_1_53' title='bbox 827 732 934 766; x_wconf 80' lang='lat' dir='ltr'><strong>queas</strong></span> 
     </span>
    </p>

    <p class='ocr_par' dir='ltr' id='par_1_9' title="bbox 73 768 923 814">
     <span class='ocr_line' id='line_1_13' title="bbox 73 768 923 814; baseline 0.001 -12"><span class='ocrx_word' id='word_1_54' title='bbox 73 770 127 802; x_wconf 88' lang='lat' dir='ltr'>Ad</span> <span class='ocrx_word' id='word_1_55' title='bbox 140 768 292 814; x_wconf 85' lang='lat' dir='ltr'>speciem</span> <span class='ocrx_word' id='word_1_56' title='bbox 308 783 314 802; x_wconf 93' lang='lat'>:</span> <span class='ocrx_word' id='word_1_57' title='bbox 331 780 365 804; x_wconf 90' lang='lat' dir='ltr'>at</span> <span class='ocrx_word' id='word_1_58' title='bbox 380 769 466 803; x_wconf 83' lang='lat' dir='ltr'>illud</span> <span class='ocrx_word' id='word_1_59' title='bbox 480 780 517 802; x_wconf 87' lang='lat' dir='ltr'>tu</span> <span class='ocrx_word' id='word_1_60' title='bbox 532 769 618 802; x_wconf 90' lang='lat' dir='ltr'>mihi</span> <span class='ocrx_word' id='word_1_61' title='bbox 632 769 792 802; x_wconf 83' lang='lat' dir='ltr'>vicissim</span> <span class='ocrx_word' id='word_1_62' title='bbox 808 771 900 803; x_wconf 81' lang='lat' dir='ltr'>dabis</span> <span class='ocrx_word' id='word_1_63' title='bbox 913 796 923 811; x_wconf 88' lang='lat'>,</span> 
     </span>
    </p>

    <p class='ocr_par' dir='ltr' id='par_1_10' title="bbox 76 817 840 911">
     <span class='ocr_line' id='line_1_14' title="bbox 76 817 840 861; baseline 0.003 -11"><span class='ocrx_word' id='word_1_64' title='bbox 76 819 221 851; x_wconf 85' lang='lat' dir='ltr'>Nullum</span> <span class='ocrx_word' id='word_1_65' title='bbox 239 818 408 859; x_wconf 84' lang='lat' dir='ltr'>inveniri,</span> <span class='ocrx_word' id='word_1_66' title='bbox 430 820 523 861; x_wconf 89' lang='lat' dir='ltr'>quod</span> <span class='ocrx_word' id='word_1_67' title='bbox 540 817 669 850; x_wconf 83' lang='lat' dir='ltr'>imitari</span> <span class='ocrx_word' id='word_1_68' title='bbox 686 828 718 850; x_wconf 94' lang='lat' dir='ltr'>te</span> <span class='ocrx_word' id='word_1_69' title='bbox 737 818 840 852; x_wconf 79' lang='lat' dir='ltr'>velit.</span> 
     </span>
     <span class='ocr_line' id='line_1_15' title="bbox 126 866 812 911; baseline -0.001 -10"><span class='ocrx_word' id='word_1_70' title='bbox 126 867 263 901; x_wconf 82' lang='lat' dir='ltr'>Fabella</span> <span class='ocrx_word' id='word_1_71' title='bbox 276 867 386 911; x_wconf 84' lang='lat' dir='ltr'>carpit</span> <span class='ocrx_word' id='word_1_72' title='bbox 397 866 470 900; x_wconf 88' lang='lat' dir='ltr'>vile</span> <span class='ocrx_word' id='word_1_73' title='bbox 485 867 676 900; x_wconf 82' lang='lat' dir='ltr'>mimorum</span> <span class='ocrx_word' id='word_1_74' title='bbox 691 877 812 911; x_wconf 77' lang='lat' dir='ltr'>genus,</span> 
     </span>
    </p>
   </div>
   <div class='ocr_carea' id='block_1_9' title="bbox 241 964 526 983">
    <p class='ocr_par' dir='ltr' id='par_1_11' title="bbox 241 964 526 983">
     <span class='ocr_line' id='line_1_16' title="bbox 241 964 526 983; baseline 0 1378"><span class='ocrx_word' id='word_1_75' title='bbox 241 964 526 983; x_wconf 95' lang='lat' dir='ltr'> </span> 
     </span>
    </p>
   </div>
   <div class='ocr_carea' id='block_1_10' title="bbox 215 955 941 1004">
    <p class='ocr_par' dir='ltr' id='par_1_12' title="bbox 215 955 941 1004">
     <span class='ocr_line' id='line_1_17' title="bbox 215 955 941 1004; baseline -0.006 -9"><span class='ocrx_word' id='word_1_76' title='bbox 215 971 235 995; x_wconf 65' lang='lat' dir='ltr'>-Q</span> <span class='ocrx_word' id='word_1_77' title='bbox 527 955 941 1004; x_wconf 39' lang='lat' dir='ltr'>fflffi‘xo-</span> 
     </span>
    </p>
   </div>
   <div class='ocr_carea' id='block_1_11' title="bbox 204 1042 948 1199">
    <p class='ocr_par' dir='ltr' id='par_1_13' title="bbox 204 1042 948 1199">
     <span class='ocr_line' id='line_1_18' title="bbox 204 1042 948 1090; baseline 0.001 -1"><span class='ocrx_word' id='word_1_78' title='bbox 204 1043 591 1089; x_wconf 92' lang='lat' dir='ltr'><strong>FABULA</strong></span> <span class='ocrx_word' id='word_1_79' title='bbox 651 1042 948 1090; x_wconf 90' lang='lat' dir='ltr'>XXXV.</span> 
     </span>
     <span class='ocr_line' id='line_1_19' title="bbox 429 1140 730 1199; baseline 0 -15"><span class='ocrx_word' id='word_1_80' title='bbox 429 1140 730 1199; x_wconf 80' lang='lat' dir='ltr'>Apodesduae.</span> 
     </span>
    </p>
   </div>
   <div class='ocr_carea' id='block_1_12' title="bbox 83 1210 1040 1977">
    <p class='ocr_par' dir='ltr' id='par_1_14' title="bbox 83 1210 1040 1733">
     <span class='ocr_line' id='line_1_20' title="bbox 84 1210 1040 1300; baseline 0.001 -12"><span class='ocrx_word' id='word_1_81' title='bbox 84 1210 175 1289; x_wconf 41' lang='lat' dir='ltr'>,EQ</span> <span class='ocrx_word' id='word_1_82' title='bbox 187 1263 206 1287; x_wconf 78' lang='grc' dir='ltr'><strong>Ρ</strong></span> <span class='ocrx_word' id='word_1_83' title='bbox 218 1263 245 1288; x_wconf 83' lang='lat' dir='ltr'>U</span> <span class='ocrx_word' id='word_1_84' title='bbox 257 1265 272 1288; x_wconf 84' lang='lat' dir='ltr'><strong>s</strong></span> <span class='ocrx_word' id='word_1_85' title='bbox 291 1252 450 1287; x_wconf 84' lang='lat' dir='ltr'>volucris</span> <span class='ocrx_word' id='word_1_86' title='bbox 466 1253 514 1287; x_wconf 90' lang='lat' dir='ltr'>est</span> <span class='ocrx_word' id='word_1_87' title='bbox 524 1279 533 1294; x_wconf 90' lang='lat'>‚</span> <span class='ocrx_word' id='word_1_88' title='bbox 549 1265 624 1298; x_wconf 81' lang='lat' dir='ltr'>quae</span> <span class='ocrx_word' id='word_1_89' title='bbox 641 1254 745 1297; x_wconf 88' lang='lat' dir='ltr'>pedes</span> <span class='ocrx_word' id='word_1_90' title='bbox 758 1253 861 1287; x_wconf 82' lang='lat' dir='ltr'>habet</span> <span class='ocrx_word' id='word_1_91' title='bbox 876 1253 1040 1300; x_wconf 78' lang='lat' dir='ltr'>quidem.&#39;</span> 
     </span>
     <span class='ocr_line' id='line_1_21' title="bbox 83 1302 816 1343; baseline -0.003 -7"><span class='ocrx_word' id='word_1_92' title='bbox 83 1303 152 1336; x_wconf 84' lang='lat' dir='ltr'>Sed</span> <span class='ocrx_word' id='word_1_93' title='bbox 166 1303 213 1336; x_wconf 89' lang='lat' dir='ltr'>ita</span> <span class='ocrx_word' id='word_1_94' title='bbox 229 1302 385 1336; x_wconf 81' lang='lat' dir='ltr'>minutos</span> <span class='ocrx_word' id='word_1_95' title='bbox 405 1302 439 1335; x_wconf 88' lang='lat'>&amp;</span> <span class='ocrx_word' id='word_1_96' title='bbox 451 1303 576 1335; x_wconf 89' lang='lat' dir='ltr'>breves</span> <span class='ocrx_word' id='word_1_97' title='bbox 589 1328 598 1343; x_wconf 92' lang='lat'>‚</span> <span class='ocrx_word' id='word_1_98' title='bbox 612 1311 650 1334; x_wconf 91' lang='lat' dir='ltr'>ut</span> <span class='ocrx_word' id='word_1_99' title='bbox 660 1328 669 1342; x_wconf 87' lang='lat'>‚</span> <span class='ocrx_word' id='word_1_100' title='bbox 684 1302 714 1335; x_wconf 85' lang='lat' dir='ltr'>si</span> <span class='ocrx_word' id='word_1_101' title='bbox 728 1303 816 1335; x_wconf 88' lang='lat' dir='ltr'>velit</span> 
     </span>
     <span class='ocr_line' id='line_1_22' title="bbox 85 1350 910 1396; baseline 0.001 -13"><span class='ocrx_word' id='word_1_102' title='bbox 85 1351 302 1396; x_wconf 81' lang='lat' dir='ltr'>Contingere</span> <span class='ocrx_word' id='word_1_103' title='bbox 316 1351 428 1383; x_wconf 90' lang='lat' dir='ltr'>solum</span> <span class='ocrx_word' id='word_1_104' title='bbox 439 1376 448 1390; x_wconf 78' lang='grc'><em>,</em></span> <span class='ocrx_word' id='word_1_105' title='bbox 464 1360 613 1394; x_wconf 83' lang='lat' dir='ltr'>nequeat</span> <span class='ocrx_word' id='word_1_106' title='bbox 627 1350 779 1395; x_wconf 82' lang='lat' dir='ltr'>ingredi,</span> <span class='ocrx_word' id='word_1_107' title='bbox 796 1361 910 1395; x_wconf 83' lang='lat' dir='ltr'>neque</span> 
     </span>
     <span class='ocr_line' id='line_1_23' title="bbox 86 1399 904 1443; baseline 0.001 -11"><span class='ocrx_word' id='word_1_108' title='bbox 86 1399 182 1432; x_wconf 85' lang='lat' dir='ltr'>Hinc</span> <span class='ocrx_word' id='word_1_109' title='bbox 199 1399 268 1439; x_wconf 75' lang='lat' dir='ltr'>iam</span> <span class='ocrx_word' id='word_1_110' title='bbox 283 1400 423 1432; x_wconf 74' lang='lat' dir='ltr'>avoiare</span> <span class='ocrx_word' id='word_1_111' title='bbox 438 1424 446 1439; x_wconf 88' lang='lat'><strong>‚</strong></span> <span class='ocrx_word' id='word_1_112' title='bbox 465 1399 501 1432; x_wconf 88' lang='lat' dir='ltr'>ni</span> <span class='ocrx_word' id='word_1_113' title='bbox 519 1399 601 1442; x_wconf 89' lang='lat' dir='ltr'>quid</span> <span class='ocrx_word' id='word_1_114' title='bbox 615 1399 693 1443; x_wconf 90' lang='lat' dir='ltr'>opis</span> <span class='ocrx_word' id='word_1_115' title='bbox 710 1399 904 1433; x_wconf 82' lang='lat' dir='ltr'>advenerit.</span> 
     </span>
     <span class='ocr_line' id='line_1_24' title="bbox 87 1448 912 1492; baseline 0.002 -13"><span class='ocrx_word' id='word_1_116' title='bbox 87 1448 180 1492; x_wconf 85' lang='lat' dir='ltr'>Ergo</span> <span class='ocrx_word' id='word_1_117' title='bbox 197 1448 373 1492; x_wconf 59' lang='lat' dir='ltr'>refugiens</span> <span class='ocrx_word' id='word_1_118' title='bbox 387 1449 456 1480; x_wconf 88' lang='lat' dir='ltr'>hoc</span> <span class='ocrx_word' id='word_1_119' title='bbox 471 1449 600 1481; x_wconf 87' lang='lat' dir='ltr'>malum</span> <span class='ocrx_word' id='word_1_120' title='bbox 612 1474 620 1488; x_wconf 92' lang='lat'>‚</span> <span class='ocrx_word' id='word_1_121' title='bbox 635 1459 824 1491; x_wconf 81' lang='lat' dir='ltr'>numquam</span> <span class='ocrx_word' id='word_1_122' title='bbox 840 1448 912 1481; x_wconf 86' lang='lat' dir='ltr'>fere</span> 
     </span>
     <span class='ocr_line' id='line_1_25' title="bbox 88 1495 881 1540; baseline 0 -11"><span class='ocrx_word' id='word_1_123' title='bbox 88 1496 269 1539; x_wconf 81' lang='lat' dir='ltr'>Quiescit,</span> <span class='ocrx_word' id='word_1_124' title='bbox 284 1495 488 1540; x_wconf 60' lang='lat' dir='ltr'>vinumque</span> <span class='ocrx_word' id='word_1_125' title='bbox 504 1496 687 1529; x_wconf 90' lang='lat' dir='ltr'>volitando</span> <span class='ocrx_word' id='word_1_126' title='bbox 705 1496 881 1540; x_wconf 84' lang='lat' dir='ltr'>quaeritat.</span> 
     </span>
     <span class='ocr_line' id='line_1_26' title="bbox 90 1543 803 1589; baseline 0.001 -12"><span class='ocrx_word' id='word_1_127' title='bbox 90 1543 230 1578; x_wconf 80' lang='lat' dir='ltr'>Accidit</span> <span class='ocrx_word' id='word_1_128' title='bbox 243 1571 251 1584; x_wconf 95' lang='lat'>‚</span> <span class='ocrx_word' id='word_1_129' title='bbox 266 1555 304 1577; x_wconf 90' lang='lat' dir='ltr'>ut</span> <span class='ocrx_word' id='word_1_130' title='bbox 320 1544 384 1577; x_wconf 81' lang='lat' dir='ltr'>isto</span> <span class='ocrx_word' id='word_1_131' title='bbox 398 1546 438 1577; x_wconf 88' lang='lat' dir='ltr'>de</span> <span class='ocrx_word' id='word_1_132' title='bbox 455 1555 580 1589; x_wconf 79' lang='lat' dir='ltr'>genere</span> <span class='ocrx_word' id='word_1_133' title='bbox 597 1544 715 1577; x_wconf 87' lang='lat' dir='ltr'>avium</span> <span class='ocrx_word' id='word_1_134' title='bbox 728 1546 803 1578; x_wconf 85' lang='lat' dir='ltr'>duae</span> 
     </span>
     <span class='ocr_line' id='line_1_27' title="bbox 90 1593 866 1638; baseline 0.001 -13"><span class='ocrx_word' id='word_1_135' title='bbox 90 1593 218 1626; x_wconf 83' lang='lat' dir='ltr'>Pennis</span> <span class='ocrx_word' id='word_1_136' title='bbox 233 1593 384 1626; x_wconf 87' lang='lat' dir='ltr'>secantes</span> <span class='ocrx_word' id='word_1_137' title='bbox 398 1594 537 1637; x_wconf 80' lang='lat' dir='ltr'>paribus</span> <span class='ocrx_word' id='word_1_138' title='bbox 555 1604 713 1626; x_wconf 82' lang='lat' dir='ltr'>aurarum</span> <span class='ocrx_word' id='word_1_139' title='bbox 729 1595 866 1638; x_wconf 78' lang='lat' dir='ltr'>plagas,</span> 
     </span>
     <span class='ocr_line' id='line_1_28' title="bbox 90 1641 926 1686; baseline 0 -11"><span class='ocrx_word' id='word_1_140' title='bbox 90 1641 271 1676; x_wconf 79' lang='lat' dir='ltr'>Jacentem</span> <span class='ocrx_word' id='word_1_141' title='bbox 290 1641 327 1673; x_wconf 92' lang='lat' dir='ltr'>in</span> <span class='ocrx_word' id='word_1_142' title='bbox 342 1652 425 1686; x_wconf 86' lang='lat' dir='ltr'>agro</span> <span class='ocrx_word' id='word_1_143' title='bbox 441 1652 621 1674; x_wconf 86' lang='lat' dir='ltr'>cernerent</span> <span class='ocrx_word' id='word_1_144' title='bbox 635 1643 768 1675; x_wconf 88' lang='lat' dir='ltr'>dulcem</span> <span class='ocrx_word' id='word_1_145' title='bbox 785 1642 900 1675; x_wconf 89' lang='lat' dir='ltr'>cibum</span> <span class='ocrx_word' id='word_1_146' title='bbox 915 1667 926 1684; x_wconf 87' lang='lat'>‚</span> 
     </span>
     <span class='ocr_line' id='line_1_29' title="bbox 94 1689 847 1733; baseline 0.001 -11"><span class='ocrx_word' id='word_1_147' title='bbox 94 1690 277 1732; x_wconf 85' lang='lat' dir='ltr'>Simulque</span> <span class='ocrx_word' id='word_1_148' title='bbox 293 1689 414 1733; x_wconf 76' lang='lat' dir='ltr'>magna</span> <span class='ocrx_word' id='word_1_149' title='bbox 432 1689 619 1733; x_wconf 81' lang='lat' dir='ltr'>cupiditate</span> <span class='ocrx_word' id='word_1_150' title='bbox 633 1690 847 1723; x_wconf 89' lang='lat' dir='ltr'>ardescerent</span> 
     </span>
    </p>

    <p class='ocr_par' dir='ltr' id='par_1_15' title="bbox 94 1736 948 1926">
     <span class='ocr_line' id='line_1_30' title="bbox 94 1736 919 1782; baseline 0.002 -12"><span class='ocrx_word' id='word_1_151' title='bbox 94 1738 176 1770; x_wconf 88' lang='lat' dir='ltr'>Hoc</span> <span class='ocrx_word' id='word_1_152' title='bbox 191 1736 403 1781; x_wconf 80' lang='lat' dir='ltr'>stomachum</span> <span class='ocrx_word' id='word_1_153' title='bbox 420 1737 558 1771; x_wconf 86' lang='lat' dir='ltr'>inanem</span> <span class='ocrx_word' id='word_1_154' title='bbox 574 1737 751 1772; x_wconf 85' lang='lat' dir='ltr'>reficiendi</span> <span class='ocrx_word' id='word_1_155' title='bbox 768 1739 897 1782; x_wconf 88' lang='lat' dir='ltr'>pabulo</span> <span class='ocrx_word' id='word_1_156' title='bbox 908 1763 919 1779; x_wconf 88' lang='lat'>‚</span> 
     </span>
     <span class='ocr_line' id='line_1_31' title="bbox 97 1785 808 1830; baseline 0.003 -12"><span class='ocrx_word' id='word_1_157' title='bbox 97 1785 223 1819; x_wconf 84' lang='lat' dir='ltr'>Amica</span> <span class='ocrx_word' id='word_1_158' title='bbox 240 1787 334 1828; x_wconf 88' lang='lat' dir='ltr'>quod</span> <span class='ocrx_word' id='word_1_159' title='bbox 350 1785 422 1819; x_wconf 86' lang='lat' dir='ltr'>sors</span> <span class='ocrx_word' id='word_1_160' title='bbox 437 1785 605 1819; x_wconf 78' lang='lat' dir='ltr'>offerebat</span> <span class='ocrx_word' id='word_1_161' title='bbox 620 1786 808 1830; x_wconf 86' lang='lat' dir='ltr'>optimum.</span> 
     </span>
     <span class='ocr_line' id='line_1_32' title="bbox 96 1833 948 1878; baseline 0.006 -13"><span class='ocrx_word' id='word_1_162' title='bbox 96 1833 239 1866; x_wconf 77' lang='lat' dir='ltr'>N6runt</span> <span class='ocrx_word' id='word_1_163' title='bbox 255 1842 370 1866; x_wconf 88' lang='lat' dir='ltr'>tamen</span> <span class='ocrx_word' id='word_1_164' title='bbox 386 1834 578 1878; x_wconf 86' lang='lat' dir='ltr'>periculum</span> <span class='ocrx_word' id='word_1_165' title='bbox 592 1846 602 1871; x_wconf 90' lang='lat'>·,</span> <span class='ocrx_word' id='word_1_166' title='bbox 621 1834 654 1867; x_wconf 71' lang='grc' dir='ltr'>δε</span> <span class='ocrx_word' id='word_1_167' title='bbox 670 1836 819 1878; x_wconf 89' lang='lat' dir='ltr'>prudens</span> <span class='ocrx_word' id='word_1_168' title='bbox 833 1845 948 1870; x_wconf 84' lang='lat' dir='ltr'>metus</span> 
     </span>
     <span class='ocr_line' id='line_1_33' title="bbox 98 1881 778 1926; baseline 0.003 -12"><span class='ocrx_word' id='word_1_169' title='bbox 98 1881 226 1926; x_wconf 73' lang='lat' dir='ltr'>Aliqua</span> <span class='ocrx_word' id='word_1_170' title='bbox 242 1881 391 1915; x_wconf 84' lang='lat' dir='ltr'>refrenat</span> <span class='ocrx_word' id='word_1_171' title='bbox 405 1882 640 1926; x_wconf 87' lang='lat' dir='ltr'>appetentiam</span> <span class='ocrx_word' id='word_1_172' title='bbox 655 1882 754 1916; x_wconf 68' lang='lat' dir='ltr'>mora</span> <span class='ocrx_word' id='word_1_173' title='bbox 769 1895 778 1917; x_wconf 88' lang='lat'>:</span> 
     </span>
    </p>

    <p class='ocr_par' dir='ltr' id='par_1_16' title="bbox 98 1929 917 1977">
     <span class='ocr_line' id='line_1_34' title="bbox 98 1929 917 1977; baseline 0.001 -13"><span class='ocrx_word' id='word_1_174' title='bbox 98 1929 167 1965; x_wconf 86' lang='lat' dir='ltr'>Sed</span> <span class='ocrx_word' id='word_1_175' title='bbox 183 1930 347 1966; x_wconf 86' lang='lat' dir='ltr'>admonet</span> <span class='ocrx_word' id='word_1_176' title='bbox 362 1931 540 1966; x_wconf 79' lang='lat' dir='ltr'>ambarum</span> <span class='ocrx_word' id='word_1_177' title='bbox 554 1941 647 1977; x_wconf 81' lang='lat' dir='ltr'>una,</span> <span class='ocrx_word' id='word_1_178' title='bbox 664 1941 708 1968; x_wconf 88' lang='lat' dir='ltr'>ne</span> <span class='ocrx_word' id='word_1_179' title='bbox 723 1932 835 1967; x_wconf 87' lang='lat' dir='ltr'>datam</span> <span class='ocrx_word' id='word_1_180' title='bbox 849 1929 917 1966; x_wconf 85' lang='lat' dir='ltr'>sibi</span> 
     </span>
    </p>
   </div>
   <div class='ocr_carea' id='block_1_13' title="bbox 863 1980 896 2014">
    <p class='ocr_par' dir='ltr' id='par_1_17' title="bbox 863 1980 896 2014">
     <span class='ocr_line' id='line_1_35' title="bbox 863 1980 896 2014; baseline 0 0"><span class='ocrx_word' id='word_1_181' title='bbox 863 1980 896 2014; x_wconf 90' lang='lat' dir='ltr'>R</span> 
     </span>
    </p>
   </div>
   <div class='ocr_carea' id='block_1_14' title="bbox 0 1363 94 2361">
    <p class='ocr_par' dir='ltr' id='par_1_18' title="bbox 0 1363 94 2361">
     <span class='ocr_line' id='line_1_36' title="bbox 0 1363 94 2361; baseline 0 0"><span class='ocrx_word' id='word_1_182' title='bbox 0 1363 94 2361; x_wconf 95' lang='lat' dir='ltr'> </span> 
     </span>
    </p>
   </div>
  </div>
 </body>
</html>
