1268 2361
194 112 418 157 LIBER
484 118 834 156 TERTIUS,
958 106 1019 169 65

185 277 573 324 FABULA
643 272 876 320 XXX.

213 374 378 418 Asinus
405 372 620 417 Dominos
650 385 833 416 mutans.

38 445 128 524 ἐξ,
142 497 161 521 1>
172 496 199 521 υ
211 495 238 520 D
257 487 422 521 olitorem
439 487 535 531 qu0d
551 495 666 531 ageret
681 486 795 519 vitam
811 483 916 519 nimis

36 535 266 570 Laboriosum
278 562 287 577 ,
303 536 336 569 ὅ(
352 535 494 569 interim
516 535 726 568 tenuissimo

37 583 137 619 Pastu
153 585 280 618 soleret
295 585 442 617 recreari
458 610 467 624 ‚
484 584 614 617 Asinus
632 594 783 628 querens
797 608 809 624 ‚

37 633 167 668 Jovem
183 633 325 678 rogavit
339 659 347 673 ‚
364 642 403 666 ut
420 633 524 665 aliam
538 633 666 665 sortem
684 633 779 665 daret
793 644 801 666 ε

38 680 192 727 Eiusque
209 681 368 726 precibus
385 691 552 714 exoratus
568 680 706 725 Jupiter

37 730 180 763 Navare
198 730 360 773 deinceps
376 730 468 762 hunc
489 728 600 773 figulo
617 739 760 772 operam
775 728 885 770 jubet·

40 779 108 812 Sed
121 778 210 812 ferre
223 789 365 811 coenum
380 803 389 818 ‚
401 788 440 811 ac
457 779 591 822 tegulas
606 778 686 810 dum
706 778 845 822 cogitur
860 803 870 818 ,

41 827 144 861 Hanc
159 827 300 872 gravius
319 826 425 860 etiam
442 827 529 860 ferre
543 827 721 860 fortunam
735 825 874 870 incipit.

0 904 1 915 ἶ
40 874 182 909 Mutare
199 875 382 909 dominum
393 901 402 916 ,
417 875 617 919 imprudens
635 901 643 915 ‚
660 875 775 908 rursus
792 872 927 918 expetit
941 898 950 913 ,

41 923 243 968 Rursusque
260 924 399 957 auditur
410 948 419 963 ‚
435 926 510 968 lege
527 923 583 957 sed
597 923 714 967 posita
731 933 845 956 tamen
858 947 867 963 ‚

41 971 92 1006 Ut
106 973 179 1006 haec
195 983 427 1017 quaecumque
444 972 548 1006 fuerit
563 971 686 1005 ultima
703 970 776 1005 sors
790 996 798 1012 ‚
816 971 903 1005 ferat
917 981 927 1010 3

41 1020 116 1054 Nec
132 1021 244 1065 speret
260 1020 364 1054 aliam
379 1019 500 1054 deinde
518 1030 704 1054 venturam
717 1020 848 1054 vicem.

42 1068 76 1102 Is
95 1068 173 1102 cum
191 1068 363 1102 annuisset
378 1094 387 1110 ,
404 1068 532 1115 obtigit
547 1067 698 1102 coriario
717 1081 724 1102 :
877 1071 879 1073 ’

44 1116 138 1151 Tum
156 1129 164 1151 ε
183 1116 279 1160 Quid
294 1116 420 1163 rogavi
435 1143 443 1158 ‚
460 1117 550 1151 dixit
564 1118 759 1151 lamentans
775 1117 787 1151 ἓ
804 1115 909 1150 heros

45 1165 148 1209 Apud
163 1165 298 1209 priores
312 1166 436 1199 vivere
452 1165 558 1199 satius
577 1165 646 1199 fuit
663 1178 672 1204 ·‚

21 1216 23 1219 ’
45 1214 208 1258 Namque
224 1213 283 1247 ille
300 1213 481 1258 postquam
498 1215 602 1246 durus
621 1224 676 1246 me
692 1212 873 1246 laboribus

45 1261 215 1296 Necuerit
233 1286 242 1302 ,
257 1272 376 1305 parcet
391 1272 434 1295 ne
451 1261 550 1295 corio
567 1261 709 1305 quidem
724 1271 820 1294 meo.

99 1310 273 1352 Quamvis
291 1310 412 1343 acerba
429 1310 503 1343 sors
521 1310 588 1343 erit
602 1335 612 1350 ,
627 1321 705 1342 earn
721 1309 846 1343 sustine
861 1333 870 1351 ‚

47 1358 102 1394 Ne
116 1357 216 1404 pejor
231 1357 291 1392 fiat
305 1384 315 1400 ,
331 1358 524 1392 obtrectare
541 1358 572 1392 si
586 1358 690 1392 velis.

182 1449 880 1498 -ssaezssaffl——q

197 1535 575 1582 FABULA
641 1533 888 1581 XXXI.

359 1627 725 1691 Aper&cerva.

57 1701 109 1780 S
121 1753 145 1779 Α
158 1754 185 1779 x
199 1753 224 1778 ο
241 1745 434 1781 exacuebat
448 1743 603 1779 dentium
620 1744 708 1778 sicas
726 1744 820 1788 Aper
838 1755 848 1777 τ

55 1793 172 1836 Quem
188 1793 386 1837 conspicata
404 1794 517 1827 Cerva
534 1805 542 1826 :
562 1795 652 1834 Cur,
668 1792 784 1838 inquit
798 1819 806 1832 ,
821 1790 907 1826 facis

54 1842 93 1876 Id
110 1843 203 1886 quod
217 1868 226 1883 ‚
240 1852 278 1874 ut
295 1841 425 1885 opinor
439 1868 448 1883 ,
465 1852 556 1875 nunc
572 1841 649 1874 fieri
666 1841 712 1874 ni!
732 1840 907 1884 postulat?

59 1890 149 1928 Nam
165 1891 280 1925 nullus
295 1888 402 1927 hostis
414 1889 578 1936 ²„adspice
589 1915 598 1932 ‚
615 1889 765 1924 occurrit
780 1888 846 1924 tibi
863 1913 873 1931 ,

880 1459 903 1486 ὓ·
