1268 2361
266 156 500 202 LIBER
559 166 830 200 NoNzss’.
954 167 1041 214 197

53 236 160 281 Qui->d
175 249 284 282 usque
300 239 424 271 eodem
441 248 563 271 canere
580 237 712 270 dicatur
726 238 846 271 modo.

49 284 172 331 Itaque
188 296 308 320 natura
327 287 360 319 ὃ(
375 286 456 319 usus
469 287 565 331 quod
578 286 794 329 perfecerant
807 311 817 326 ,

52 334 172 368 Omne
187 334 222 367 id
237 334 394 379 repudiat
404 360 413 375 ‚
431 335 465 367 &
481 345 598 367 novos
615 343 726 366 tentat
741 334 863 367 sonos.

51 381 105 416 os
121 382 354 428 distorquetur
369 395 377 416 z
392 384 475 415 dura
489 394 567 416 vox
582 383 777 416 extruditur
792 394 800 414 ε

50 430 180 465 Nescio
197 431 279 476 quid
294 431 428 464 canitur
444 441 583 476 gutture
599 430 716 464 invito
730 430 899 464 insolens.

51 479 204 512 Laudare
220 479 317 513 soliti
332 480 533 523 vituperant
548 505 556 519 ‚
574 480 604 513 si
621 480 682 523 qui
698 479 841 512 audiunt
859 491 869 517 ·,

49 526 221 572 Istumque
235 553 245 569 ,
260 528 378 561 dicunt
389 554 398 568 ,
417 530 578 572 Cycnum
594 554 602 569 ‚
619 539 663 561 an
678 528 845 560 Anserem
860 526 945 560 licet

51 576 198 609 Credere
216 577 228 609 ?
247 576 357 621 figura
375 576 508 621 Cycni,
525 588 602 609 vox
617 575 664 609 est
679 575 834 609 Anseris.

98 624 177 658 Huc
194 624 337 669 sequere
353 650 362 665 ,
376 624 442 668 qua
458 625 588 658 Natura
604 624 670 658 tibi
685 623 852 658 monstrat
866 623 978 658 viam.

491 702 650 750 sffe—
882 715 906 742 ψ

5 714 7 730 ,
179 718 488 742 <-—.-

0 729 6 879 !
181 759 183 761 ’
303 786 647 833 FABULA
716 786 776 832 Χ

0 881 3 928 1

271 884 432 928 Simius
482 881 524 929 ἃ
573 884 808 943 Speculum.

48 927 173 1033 Qu
185 1007 199 1031 1
212 1023 220 1038 ‚
239 997 349 1042 qualis
365 996 449 1031 effet
459 1024 468 1038 ‚
485 996 659 1031 nesciebat
674 997 804 1032 Simius
819 1023 830 1039 ‚

0 1052 1 1061 ¹
45 1046 89 1079 Et
104 1045 138 1078 se
154 1047 295 1091 putabat
310 1047 479 1080 bellulum
494 1071 504 1086 ,
520 1045 670 1091 effigiem
685 1046 782 1079 suam

44 1093 148 1128 Vidit
163 1094 259 1128 fideli
273 1095 440 1128 redditam
455 1105 472 1128 a
489 1095 642 1139 Speculo
661 1108 669 1128 :
687 1094 776 1128 nihil

42 1142 98 1176 Ad
111 1143 144 1176 se
160 1143 308 1176 attinere
324 1144 393 1177 tale
409 1143 634 1176 simulacrum
651 1153 742 1176 ratus
757 1168 768 1184 ‚

46 1191 189 1226 Gaudet
202 1191 356 1226 videndo
371 1217 381 1232 ,
398 1191 486 1225 ridet
500 1217 509 1232 ,
527 1202 623 1225 acres
639 1192 673 1225 &
688 1190 791 1233 jocos

44 1239 254 1274 Subamarus
271 1239 450 1274 inficetam
463 1239 502 1273 in
516 1239 658 1273 bestiam
674 1239 757 1281 jacit
773 1265 783 1281 ,

42 1286 317 1332 Industriamque
332 1288 448 1322 laudat
464 1287 609 1322 artificis
627 1299 782 1322 manum.

93 1337 161 1370 Sed
176 1335 304 1381 aliquis
320 1350 327 1370 :
346 1337 444 1370 Heus
457 1361 467 1378 ,
484 1346 537 1377 te,
551 1336 662 1377 dixit,
677 1337 818 1381 ignoras
836 1338 850 1372 ἓ
865 1345 923 1370 tua
938 1335 985 1370 est

41 1384 119 1428 Ipsa
133 1385 209 1418 haec
225 1386 353 1430 imago.
372 1385 487 1418 Sentit
501 1385 558 1418 hic
574 1384 683 1430 porri)
700 1385 856 1429 asperam

41 1431 130 1465 Vim
144 1432 304 1467 veritatis
320 1433 449 1467 Simius
461 1459 470 1474 ‚
486 1432 626 1478 jamque
643 1433 767 1477 incipit

16 1522 18 1524 Ι
42 1480 220 1515 Damnare
237 1482 424 1526 Speculum
435 1507 443 1522 ,
462 1484 557 1526 quod
574 1482 668 1526 prius
684 1483 898 1516 laudaverat.

87 1529 161 1572 Qui
176 1530 381 1564 Fabularum
395 1530 538 1564 noverit
553 1530 736 1575 proprium
753 1542 861 1576 genus
877 1556 886 1572 ‚

42 1577 184 1621 Hasque
201 1577 267 1612 efl‘e
283 1579 431 1623 Specula
446 1579 645 1612 meminerit
665 1579 783 1623 posita
799 1579 960 1614 omnibus
971 1604 981 1619 ,

44 1624 128 1669 Qui>
145 1626 274 1672 spestet
289 1627 377 1662 illud
393 1638 656 1673 argumentum,
673 1628 858 1674 intelliget.

421 1762 644 1813 Q&

755 1983 770 2018 1
794 1981 845 2026 iij¹
