1268 2361
207 75 444 123 'LIBER
507 88 889 134 QUARTUS.
980 76 1035 125 81

46 157 767 206 =b====ss½=3ff⁶=⁵2=
1003 170 1032 198 θ·

249 246 281 290 F
321 244 360 290 A
401 245 434 291 B
477 245 522 290 U
562 246 598 290 L
639 244 680 290 A
772 242 832 290 X.

360 341 507 385 Leaena
530 338 571 385 δ’
593 341 720 387 Ovis.

48 411 169 491 Ov
181 464 204 488 Ε
215 464 250 488 Μ
267 455 391 488 Leaena
408 466 568 499 rapuerat
585 468 594 493 ·‚
612 455 670 488 sed
685 466 763 488 eam
785 464 903 489 tamen

42 503 136 549 Lege
152 504 327 538 moriendi
345 504 546 537 misericors
563 515 742 538 exemerat
756 530 764 545 ‚

40 552 226 597 Etiamque
241 553 408 586 famulam
424 552 553 586 fecerat
568 554 747 597 propriam
764 553 831 587 sibi
846 566 856 592 3

40 601 89 635 At
104 602 213 646 ipsam
231 613 347 636 amare
365 602 443 635 cum
461 601 619 646 coepiffet
633 628 642 642 ‚
658 602 786 636 ultima

41 650 106 683 Sui
121 650 257 684 latibuli
273 660 370 694 parte
387 651 538 684 clausam
555 651 675 684 sedulo

41 697 201 732 Tenebat
217 699 309 732 inter
323 699 478 743 putridas
495 701 705 733 cadaverum

41 746 237 792 Reliquias.
254 748 383 781 Misera
395 748 485 781 ferre
501 759 574 781 non
591 758 730 792 poterat
747 748 875 783 Bidens

40 795 222 830 Foetorern
234 798 399 830 acerbum
412 822 421 837 ‚
440 797 614 841 lentisque
629 798 840 831 cruciatibus

38 844 343 884 Consumebaturs,
357 857 422 879 nec
439 856 556 879 tamen
572 847 715 879 audebat
733 847 833 891 queri
849 859 857 879 ε

41 892 100 926 sic
118 895 220 927 tacita
235 894 369 928 tantum
387 895 624 928 murmurabat
639 908 647 928 ι
663 894 743 928 Hoc
762 895 871 939 magis

41 941 159 976 Dolor
174 943 386 989 ingravescit
399 969 409 984 ,
427 942 498 988 quo
517 944 631 978 minsis
646 944 799 988 erumpit
814 945 922 980 foras.

168 1037 192 1060 «ι
429 1021 906 1070 »ὼᾱῇεέω--ῡ

232 1109 263 1152 F
301 1109 342 1154 A
378 1108 410 1153 B
448 1108 492 1153 U
527 1109 562 1153 L
597 1108 636 1151 A
722 1107 839 1154 XI.

173 1205 252 1248 Vzr
267 1205 440 1264 sapiens
489 1201 531 1248 ἐν’
571 1203 659 1259 ejus
694 1204 902 1248 inimicus.

97 1275 128 1298 ,Γ

97 1300 108 1311 .

41 1274 103 1351 §s
133 1328 147 1351 1
160 1326 184 1350 R
201 1317 337 1362 sapiens
353 1344 361 1359 ‚
379 1317 446 1352 etsi
463 1317 641 1352 neminem
656 1329 822 1363 umquam
838 1317 973 1352 laeserat
989 1343 999 1359 ‚

0 1381 1 1406 ς
39 1366 233 1400 Inimicum
250 1367 396 1400 habebat
411 1394 420 1408 ,
439 1367 499 1411 qui
517 1369 628 1401 celare
646 1369 741 1412 quod
757 1367 817 1400 diu

39 1415 209 1449 Tentarat
223 1442 232 1456 ,
251 1416 372 1449 odium
389 1416 546 1461 frangere
563 1418 654 1450 ultra
670 1427 744 1449 non
759 1418 879 1449 valens
892 1441 903 1458 ,

0 1467 1 1508 J
39 1463 160 1498 Verba
178 1465 267 1498 inter
283 1465 400 1508 aspera
415 1476 538 1510 graves
555 1465 706 1498 ediderat
723 1465 847 1498 minas.

0 1510 1 1542 ἰ
40 1512 153 1546 Simul
167 1513 350 1547 audierunt
365 1540 377 1554 ‚
390 1513 503 1547 territi
521 1523 710 1558 properant
725 1539 734 1554 ‚
751 1523 898 1547 monent

0 1590 1 1593 ,
39 1561 170 1594 Amici.
188 1563 234 1595 At
250 1562 310 1595 ille
325 1575 332 1595 ε
349 1562 428 1596 Jam
443 1563 566 1596 noram
581 1589 593 1603 ,
606 1561 720 1607 inquit
736 1589 744 1603 ‚
757 1563 851 1595 hunc
868 1589 876 1603 ,
893 1561 981 1595 mihi·

0 1614 1 1647 ξ
39 1609 158 1652 Quam
175 1611 220 1643 sit
236 1610 400 1644 inimicus
416 1624 425 1649 ·,
440 1611 626 1655 attulitque
642 1622 717 1644 non
732 1613 829 1644 leves
842 1636 851 1651 ,

41 1658 168 1692 Fateor
183 1684 192 1700 ‚
207 1659 315 1692 latere
331 1660 497 1704 quamdiu
511 1659 629 1693 voluit
643 1685 653 1701 ‚
669 1670 782 1693 metus
797 1673 807 1694 ι

43 1706 112 1740 Sed
127 1719 208 1740 eum
224 1706 322 1741 fuiffe
338 1707 467 1741 factum
483 1708 640 1752 pejorem
657 1708 746 1742 mihi

44 1754 150 1789 Falso
166 1755 296 1800 putatis
311 1768 318 1788 :
335 1755 407 1790 Effe
425 1759 621 1790 clanculum
638 1758 750 1790 malus

45 1803 137 1838 cum
153 1804 281 1840 desinit
296 1804 403 1839 hostis
419 1832 428 1847 ,
446 1804 512 1840 effe
528 1816 608 1839 tunc
623 1807 738 1840 bonus
754 1804 892 1850 incipit.

766 1919 854 1954 Dv
