1225 2367
149 138 243 200 326
322 138 470 181 ΓΑΒ.
502 136 1028 182 AESOPIARUMI

146 219 244 262 Quin
256 219 398 253 faceres.
416 219 475 253 Sic
490 220 629 253 locutus
640 245 650 261 ‚
661 219 753 252 hunc
770 218 888 264 digitis
905 227 1072 264 premens
1112 219 1132 237 ”“

144 268 217 302 Ubi
232 268 335 301 torsit
345 294 354 310 ‚
368 280 485 313 ungue
501 268 641 312 pollicis
656 268 771 301 dextri
786 268 927 302 obterit.
959 297 966 302 ,

193 317 417 362 Quicumque
431 318 552 350 nocuit
562 343 570 358 ‚
588 317 661 359 jure
676 318 732 350 dat
744 328 868 361 poenas
879 342 888 357 ‚
903 315 1014 363 magis

144 364 275 402 Animo
289 366 458 408 nocendi,
476 366 580 410 quam
597 366 666 410 ipsi
681 377 799 399 noxiae
815 377 926 410 pares.

279 473 541 497 ·ss-·---—--
526 456 1013 505 ,affffimffi

354 544 385 589 F
418 544 457 588 A
494 544 528 588 B
563 543 609 588 U
643 544 680 588 L
711 545 751 589 A
825 544 931 590 IV.

474 640 593 683 Aves
620 639 806 698 deceptae.

146 709 259 786 M
272 762 294 786 Ε
305 762 332 785 D
345 762 360 786 1
372 762 386 785 1
397 762 414 786 s
431 751 467 786 in
481 751 568 796 ipsis
582 753 712 786 retibus
726 753 863 797 Auceps
880 752 1025 788 callidus

142 801 299 834 Affixum
313 803 393 845 palo
408 802 588 846 speculum
607 803 844 836 collocaverat
859 809 867 835 ἐ

144 850 338 883 Cornicula
350 850 455 895 sagax
468 849 640 894 perfidum
653 850 760 883 sensit
774 852 894 884 dolum
903 876 913 892 ‚

143 898 309 943 Avesque
327 901 468 933 monuit
482 910 614 932 ceteras
626 925 635 939 ‚
653 911 697 932 ne
714 900 918 934 accederent
933 913 944 934 ε

144 947 192 980 At
209 948 400 991 permisere
414 949 447 982 se
463 948 675 982 coruscantis
689 947 775 982 vitri

145 996 297 1040 Fulgore
314 997 441 1030 sensim
459 998 535 1030 aliae
550 997 625 1041 post
640 990 723 1031 alias
737 997 909 1041 pertrahi:

146 1044 245 1087 Quas
263 1046 399 1090 Auceps
411 1072 419 1087 ,
435 1046 577 1080 servans
594 1058 639 1079 ex
655 1045 792 1079 insidiis
807 1046 1026 1089 clanculum,

148 1093 259 1127 Simul
278 1104 383 1139 atque
399 1106 526 1140 magno
544 1105 770 1140 congregatas
787 1095 945 1141 agmine,

146 1142 189 1174 Et
205 1145 394 1188 garrientes
405 1170 414 1184 ,
431 1145 466 1177 &
479 1145 696 1177 colludentes
712 1144 830 1186 videt,

146 1191 251 1224 Retia
266 1192 409 1236 repente
427 1193 602 1225 contrahit
616 1219 624 1234 ‚
645 1193 679 1225 ὃς
695 1204 818 1226 omnes
839 1192 948 1236 capit.

195 1241 359 1273 Illecebra
376 1242 446 1274 sese
461 1240 533 1286 quo
550 1241 660 1286 magis
674 1243 799 1275 blanda
813 1241 939 1283 objicit
952 1267 962 1282 ‚

146 1288 263 1334 Magis
280 1288 351 1323 hoc
365 1290 559 1323 timendum
571 1316 580 1331 ‚
594 1289 704 1324 subsit
719 1289 845 1335 aliquis
860 1301 903 1323 ne
920 1290 1035 1325 dolus.

535 1380 752 1427 -zm-ssn

372 1469 404 1513 F
437 1471 477 1513 A
512 1468 545 1512 B
584 1468 630 1513 U
665 1468 700 1512 L
733 1469 777 1512 A
854 1467 916 1515 V.

435 1564 618 1609 Villicus
635 1565 672 1608 6³
698 1564 848 1610 Canes-

279 1395 303 1420 .ss
986 1394 1009 1418 9·

147 1636 246 1712 PR
256 1687 323 1711 AET
335 1688 357 1711 E
368 1687 393 1711 R
410 1678 554 1711 modum
572 1678 713 1722 gulosus
730 1677 871 1722 quidam
888 1676 1042 1712 Villicus

146 1727 247 1770 Ipsos
260 1754 268 1767 ‚
287 1728 447 1760 diurnum
465 1727 589 1760 solitos
607 1727 760 1759 officium
773 1727 889 1760 Boves

148 1776 261 1809 Obire
276 1775 311 1808 in
325 1787 431 1820 opere
446 1776 626 1809 moliendo
640 1774 769 1809 rustico
784 1802 793 1816 ‚

146 1824 277 1857 Necuit
294 1850 302 1865 ‚
319 1836 442 1858 eorum
458 1834 496 1858 ut
510 1825 709 1857 vesceretur
723 1823 883 1857 carnibus
898 1836 907 1856 :

146 1873 255 1913 Quod
272 1873 402 1906 facinus
420 1884 524 1907 atrox
535 1883 573 1906 ut
588 1873 869 1906 animadvertunt
884 1873 994 1905 Canes
1009 1897 1027 1913 ,.

146 1921 278 1966 Fugam
295 1921 469 1967 capess‘unt
479 1949 489 1965 ,
503 1931 605 1966 atque
620 1934 628 1956 :
643 1922 759 1956 Bobus
769 1947 779 1965 ‚
793 1920 984 1966 inquiunt,
