1268 2361
231 385 832 440 FABULARUM

38 504 229 588 AES
269 502 1026 587 &PEARUM

102 651 301 696 LIBER
335 649 632 694 DECIMUS
669 648 960 695 TERTIUS.

873 770 897 794 D·

483 755 640 804 εὕει-ε

273 854 678 901 FABULA
759 857 792 901 1

298 949 567 995 Gibberorum
590 950 766 997 Civitas.

170 775 193 799 ’ί

37 1022 113 1100 {a
129 1076 143 1100 1
156 1074 181 1099 G
192 1075 213 1099 E
226 1075 250 1099 R
261 1075 275 1099 1
285 1074 303 1099 s
320 1066 361 1099 ad
376 1066 502 1099 undam
514 1091 522 1106 ‚
541 1065 728 1099 Aureliana
742 1077 815 1099 non
830 1068 953 1112 procul

37 1115 71 1148 A
87 1115 224 1155 Gente,
239 1116 395 1159 quaedam
412 1114 546 1147 Civitas
564 1115 651 1147 olim
665 1114 818 1157 exstitit,

36 1163 147 1204 Cujus
164 1163 285 1197 coloni
302 1164 442 1208 gibbere
459 1163 613 1208 insignes
629 1174 726 1196 erant

36 1212 175 1246 Omnes
190 1214 232 1246 ad
248 1223 358 1245 unum
372 1213 518 1255 quisque
533 1212 608 1245 suo.
625 1212 702 1245 Huc
719 1213 907 1247 devenerat

37 1262 200 1304 Corpore
214 1261 271 1294 vir
284 1260 402 1294 erecto
417 1285 426 1300 ‚
445 1260 478 1292 δι
490 1260 644 1293 humeris
656 1286 665 1300 ‚
680 1261 793 1294 veluti
807 1263 904 1296 decet
917 1287 927 1303 ‚

39 1309 248 1353 Sensimque
264 1309 488 1353 molliterque
505 1308 769 1344 subsidentibus,

37 1357 221 1402 Excipitur
234 1357 292 1390 ine
303 1383 312 1398 ‚
326 1368 550 1401 quocumque
568 1357 691 1391 inferat
707 1359 849 1403 gradum
860 1384 871 1401 ‚

38 1407 154 1440 Sanna
165 1432 174 1447 ‚
188 1407 313 1439 cavilla
329 1432 339 1447 ,
356 1407 390 1439 &
406 1406 542 1440 acribus
557 1406 751 1445 conviciis3

38 1455 82 1488 Et
95 1455 147 1488 sic
160 1455 307 1488 habetur
318 1480 326 1494 ,
343 1455 455 1488 donec
470 1455 595 1499 aliquis
612 1456 764 1501 denique

37 1503 214 1538 Occurrat
228 1504 360 1537 medius
372 1529 380 1543 ,
396 1503 520 1537 ceteris
533 1504 723 1538 humanior
737 1530 747 1546 ,

41 1553 116 1595 Qui
134 1554 268 1586 turbam
285 1553 424 1586 inanem
441 1553 668 1586 summovens
684 1554 718 1586 ὅ(
733 1554 916 1598 increpans
932 1567 940 1589 ;

39 1601 212 1644 Quaenam
230 1601 310 1642 ista,
327 1601 444 1639 cives
462 1612 602 1635 morum
615 1601 804 1643 acerbitas,
819 1603 867 1636 ait
877 1629 885 1645 ‚

38 1649 203 1691 IndoCta,
219 1649 360 1694 iniqua.
353 1652 366 1674 ²
383 1660 443 1683 cur
457 1651 596 1684 vexatis
610 1651 788 1695 hospitem

39 1697 200 1736 Bonum
218 1708 256 1730 ut
273 1699 436 1739 videtur,
457 1699 514 1732 &
506 1703 764 1734 innocentem?
781 1711 840 1733 cur
854 1711 931 1746 gra
923 1711 960 1733 e

40 1745 288 1791 Opprobrium
302 1746 425 1780 aiditis
442 1747 516 1789 ejus
533 1747 754 1783 infortunio?

40 1794 175 1828 Ullone
192 1795 338 1828 crimine
354 1794 536 1839 alligatum
552 1796 690 1829 creditis
703 1823 713 1838 ‚

40 1842 152 1884 Quod
167 1843 260 1877 sorte
277 1843 389 1877 nostra
408 1843 588 1877 destitutus
606 1847 760 1878 ambulet
773 1871 784 1882 .

41 1890 202 1937 moque,
219 1903 290 1940 quo
307 1902 372 1929 nos
389 1893 578 1940 gaudemus
594 1918 604 1937 ,
619 1893 869 1928 honestissimo

747 1943 781 1977 N
807 1942 846 1986 vj
