1313 2367
255 107 319 167 '48
389 107 843 150 FABULARUM
875 105 1117 152 -LJBJL

259 189 419 222 Pedibus.
432 188 466 220 Is
482 187 587 232 igitur
598 213 606 228 ‚
622 186 774 232 graviter
789 185 973 232 objurgans
988 198 996 220 z
1010 188 1104 232 Fuge
1113 211 1126 228 ‚

257 238 370 281 Fuge,
387 237 433 269 ait
443 262 452 276 ,
466 236 583 279 inepte
594 261 604 275 ‚
618 246 697 268 cum
714 235 783 268 istis
799 235 950 268 indoctis
965 235 1035 268 tuis

258 284 440 317 Blanditiis
455 297 462 317 :
480 285 647 317 urbanum
665 283 731 316 esse
747 294 781 316 te
797 283 914 316 forsan
929 293 1029 328 putas
1043 296 1054 322 3

259 333 306 365 At
323 332 408 365 mihi
424 331 553 365 videris
570 332 710 364 inficeta
725 331 841 365 bestia.

310 381 446 424 Scripta
463 379 509 413 est
524 380 645 412 amicis
659 380 772 413 fabula
788 379 1063 424 imprudentibus
1074 404 1084 420 ‚

259 428 389 462 Officia
405 439 555 474 quorum
571 428 661 472 saepe
677 437 827 468 nocent,
842 429 968 461 nedum
983 427 1119 470 juvent.

649 505 1118 552 &imssebss‘ffl

468 594 499 637 F
517 592 556 637 A
577 592 609 638 B
634 593 679 637 U
702 593 736 637 L
751 592 795 637 A
859 591 909 638 X
927 593 964 637 L
981 593 1040 638 V.

593 687 726 747 Piscis
746 689 912 732 volans.

390 524 414 546 (i

266 760 318 837 S
330 812 358 836 U
370 812 389 835 Β
407 800 518 835 sidere
536 800 663 835 Cancri
679 812 803 846 magna
818 812 896 845 pars
913 801 1032 847 magni
1048 800 1153 836 maris

260 852 415 885 Piscibus
431 852 578 883 abundat
588 876 598 895 2
612 850 672 894 qui
688 851 861 883 Volantes
877 849 1023 883 nomine

260 900 450 933 Dicuntur.
469 900 549 932 Hoc
565 900 605 932 de
621 909 747 944 genere
764 898 902 942 quidam
918 898 1036 938 iunior

261 948 351 981 cum
369 948 402 981 se
419 946 593 981 extulisset
610 947 735 981 ceteris
751 945 857 992 pauli)
874 946 1000 981 altius:

260 997 350 1029 Avis
362 996 522 1040 ‚inquit‚
536 1007 602 1041 ego
618 996 692 1028 sum
710 994 828 1033 certe3
845 1006 911 1029 nec
927 995 1056 1030 diutius

261 1045 489 1078 Tenebroso'
481 1056 519 1077 m
535 1044 598 1078 isto
613 1044 750 1090 gurgite
766 1044 906 1078 Oceani
920 1044 1029 1089 patris
1040 1069 1050 1085 ‚

260 1093 437 1126 Animalia
452 1093 544 1126 inter
560 1103 673 1133 muta,
688 1093 813 1126 vivere
830 1104 886 1126 me
901 1094 1023 1126 decet:

260 1141 389 1175 Felicis
405 1141 525 1174 inmlae
542 1140 590 1174 est
605 1119 690 1173 milii
706 1141 894 1184 petendum
910 1146 1033 1175 nemus
1045 1167 1055 1183 ,

260 1189 331 1222 Ubi
349 1200 484 1222 canorae
501 1188 648 1222 vocibus
665 1188 809 1233 liquidis
825 1200 908 1222 aves
923 1215 932 1222 .
949 1215 958 1223 .
973 1215 984 1224 .

261 1237 411 1281 Reliqua
426 1237 600 1270 additurus
611 1263 621 1278 .
638 1237 742 1270 sentit
758 1237 857 1270 omni
868 1263 877 1278 ,
893 1248 964 1284 quo
980 1236 1057 1272 sine

260 1286 366 1319 Nefas
382 1287 505 1319 volare
520 1285 585 1326 est,
600 1286 724 1330 pinnas
740 1285 877 1319 destitui
891 1286 968 1320 suas

260 1334 421 1367 Humore
437 1346 443 1368 :
461 1334 684 1379 patriumque
702 1335 742 1367 ad
757 1334 865 1368 salum
881 1334 1054 1369 relabitur.

313 1383 488 1416 Permulta
505 1385 541 1416 in
557 1385 665 1416 altum
681 1382 820 1428 ingenia
837 1382 942 1415 nostri
958 1382 1128 1428 temporis

260 1430 451 1465 'tolluntur
465 1444 473 1467 ι
489 1431 624 1467 utinam
639 1432 680 1465 ad
695 1431 766 1465 ima
781 1442 868 1464 mox
884 1441 957 1465 non
971 1432 1125 1466 recidant
1140 1434 1150 1467 l

698 1595 815 1667 ,ψ

695 1630 821 1722 &0²5³

899 1920 1197 1955 FABULARU
1223 1919 1266 1955 M
1310 1900 1313 1959 J
