1268 2361
159 130 331 177 LIBER
367 141 625 175 Decmws
661 141 921 176 TERTIUS.
965 147 1055 193 317

334 209 1042 257 -ΞὲήῩρ-α-ηώ-ῡ-

208 296 615 341 FABULA
698 296 920 342 XXV.

429 392 562 436 Asini
590 407 702 437 vota.

76 223 102 250 .ss

66 461 178 538 M
190 515 204 539 1
217 514 238 539 c
252 514 276 538 Α
290 515 315 539 R
326 516 348 539 E
368 517 428 550 per
444 517 546 551 agros
562 514 718 549 coeperat
733 503 928 548 jucunditas

66 554 242 588 Rediviva
256 567 264 588 :
279 556 407 589 blando
422 555 546 599 spiritu
562 554 700 589 favonii

66 603 232 637 Recreata
249 603 381 647 passim
399 603 468 645 jam
489 603 647 637 ridebant
661 603 781 636 omnia
797 615 805 636 :

66 650 228 686 Plorabat
240 651 381 685 Asinus.
398 652 492 694 Quid
506 651 601 685 enim
616 654 628 686 ‚³
646 651 683 684 in
696 653 819 686 urbem
836 651 986 698 singulis

66 699 201 734 Diebus
219 701 307 733 ferre
324 701 463 745 cogitur
477 727 486 742 ‚
500 699 606 734 flores
621 701 761 744 quidem
777 727 786 739 ‚

66 750 112 782 At
129 751 259 782 multos
273 749 422 782 nimium
436 775 445 789 ‚
462 760 595 793 eosque
610 749 715 782 natali
733 750 810 782 solo

65 797 193 841 Septos
209 808 384 842 quemque
401 798 463 831 suo
475 824 484 839 ‚
500 798 534 831 &
546 797 626 830 vase
641 798 774 830 clausos
791 796 905 830 fistili.

65 843 139 880 Has
156 857 240 892 ergo
254 872 263 888 ,
281 857 356 890 quae
372 847 554 880 laudantur
565 872 573 884 ,
594 846 697 890 plane
709 846 890 891 vituperat

64 889 222 928 Deiicias
239 894 333 928 veris
348 907 358 932 ·‚
376 896 410 928 ὃ(
427 894 493 928 effe
510 894 651 928 delicias
668 905 794 940 negat3

64 943 108 976 Et
121 941 285 976 advenire
300 943 402 977 citi-cis
420 943 570 977 aestatem
584 943 692 988 cupit.

64 991 220 1025 Advenit
234 991 327 1026 aestas
339 1018 347 1033 ,
364 993 398 1026 &
414 1003 530 1026 novos
545 993 651 1026 simul
665 992 782 1026 attulit

66 1040 201 1074 Misero
218 1041 355 1074 labores
372 1041 596 1085 perferendos
613 1040 744 1082 bajulo.

65 1089 227 1134 Namque
242 1089 343 1133 super
359 1089 434 1132 ejus
453 1090 599 1123 clitellas
615 1089 776 1133 quotidie

66 1137 183 1171 Herus
199 1138 373 1183 legumina
387 1137 549 1179 exstruit,
566 1138 711 1182 cupidus
726 1137 830 1179 lucri,

65 1185 275 1230 Populoque
291 1187 507 1220 divendenda
520 1187 653 1230 portari
665 1186 773 1227 jubet.

66 1233 175 1276 Quod
188 1235 246 1267 ille
263 1245 427 1279 reputans
441 1235 552 1279 magis
565 1235 728 1268 acerbum
742 1261 751 1276 ‚
765 1234 869 1279 quam
885 1235 980 1280 prius
991 1261 1002 1279 ‚

65 1281 233 1316 AEstatem
245 1284 465 1316 abominatur
480 1296 489 1322 3
504 1294 710 1317 autumnum
727 1284 863 1328 expetit
880 1297 889 1318 2

66 1331 135 1364 Sed
151 1331 317 1376 expetiffe
329 1357 337 1372 ,
352 1332 494 1375 posthac
507 1333 586 1365 voti
601 1342 804 1376 compotem
819 1359 828 1373 ‚

67 1379 244 1413 Poenitet:
261 1380 298 1413 in
311 1380 435 1423 amplis
450 1383 663 1414 accumuiata
678 1381 841 1415 corbibus

2 1466 6 1471 ,
65 1427 215 1461 Assidue
231 1439 339 1472 poma
355 1428 433 1462 sunt
449 1429 609 1463 vehenda
624 1430 754 1463 scilicet
769 1442 779 1468 ·,

59 1475 111 1509 ‘Et
125 1477 214 1510 hanc
229 1477 459 1510 miserrimam
474 1477 540 1511 effe
555 1479 783 1522 conqueritur
797 1477 913 1513 vicem
925 1504 936 1520 ‚

65 1524 256 1569 Ser-amque
268 1526 409 1559 demum
422 1526 518 1560 votis
536 1526 812 1570 imprudentibus

65 1572 256 1617 Increpitat
268 1573 433 1608 hiemem.
450 1575 552 1608 Adest
564 1576 676 1610 hiems
694 1575 894 1620 glacialibus

8 1645 9 1650 ,
65 1621 224 1655 Advefta
237 1623 352 1656 boreae
365 1623 511 1666 pennis·‚
527 1624 561 1657 &
581 1627 660 1669 gelu
675 1625 793 1658 furens

67 1670 186 1703 Acuto
200 1695 210 1711 ,
227 1681 324 1704 crura
338 1671 479 1715 pecudis
493 1672 628 1717 ignavae
645 1673 730 1718 ligat
744 1686 752 1706 z

66 1717 204 1751 Verum
219 1719 309 1752 haud
324 1719 450 1764 ligavit
465 1721 701 1756 formidabiles
717 1733 841 1755 manus

66 1765 155 1799 Heri
170 1765 349 1812 vigilantis
365 1793 373 1807 ‚
389 1779 481 1802 voce
499 1769 559 1812 qui
573 1770 744 1804 horrenda
761 1781 889 1804 tonans

67 1813 219 1848 Inertem
233 1815 348 1858 primo
363 1827 504 1860 quoque
519 1828 618 1851 mane
632 1818 771 1852 suscitat

66 1862 122 1894 Ad
134 1873 223 1906 opus
237 1863 397 1897 diurnum
412 1877 422 1903 ·,
439 1865 472 1898 δε
487 1866 644 1908 putribus
662 1867 785 1900 massis
802 1865 878 1900 fimi

69 1909 211 1946 Olentis
227 1921 349 1948 onerat
358 1938 368 1955 ,
383 1912 594 1960 idoneasque
607 1916 771 1962 languido

768 1962 802 1998 O
824 1962 863 2005 iii
