1225 2367
140 155 231 202 370
296 142 451 186 ΕΑΒ.
483 121 964 186 AESOPIARUM

133 223 273 256 Habere
289 222 447 266 cupiunt.
464 223 528 255 Illa
544 222 614 255 sese
627 221 790 266 protinus

101 267 106 275 ’
134 272 279 306 Summa
292 272 332 304 vi
348 272 518 317 adurgens
535 281 658 304 movet
674 271 711 304 in
727 270 900 304 obstantes
916 272 1054 317 plagas,'

133 320 345 364 Pulsansque
362 321 399 354 in
416 323 524 354 altum
538 319 670 360 tendit,
685 320 719 353 &
731 330 864 363 pennas
881 321 994 364 quatit

132 370 301 403 Animosa
317 382 327 408 3
345 369 508 413 idemque
525 369 637 402 socias
654 379 692 401 ut
707 368 836 402 faciant
852 378 994 404 monet:

132 419 236 452 Ultro
251 419 487 452 obsecundant
502 430 510 451 ε
529 419 623 451 nulla
639 428 712 450 non
728 417 895 451 adnititur
908 443 917 459 ‚

132 467 314 511 Quidquid
328 467 407 512 opis
424 467 462 500 in
478 467 512 499 se
529 466 594 507 est,
612 467 691 500 dare
705 466 805 499 saluti
819 466 982 511 publicae.·

131 517 232 550 Hanc
248 517 348 550 Retia
365 516 424 550 diu
439 515 571 549 virium
584 515 810 559 concordiam

130 566 219 599 Tam
234 565 448 609 pertinacem
465 564 628 598 sustinere
645 575 718 597 non
730 566 851 597 valent
864 577 873 598 ε

131 616 292 659 cumque
309 616 381 659 ipsa
397 616 497 647 venti
514 615 629 647 subter
645 625 750 658 agens
767 612 823 651 vis
841 612 955 646 acrior

132 665 301 708 Coeptum
318 663 498 705 adjuvaret
513 689 521 704 ,
537 662 648 707 ruptis
666 673 753 695 mox
768 661 971 695 retinaculis

129 713 320 746 Tolluntur
337 713 394 746 illa
412 713 449 745 in
461 723 559 745 auras
578 725 584 745 :
605 712 640 744 δί
654 721 816 754 repetens
832 713 978 745 domum

109 791 112 793 ,
132 762 282 805 Captiva
297 772 415 806 portat
431 772 603 794 carcerem
617 761 716 793 suum
733 761 875 794 cohors.

177 811 276 844 Nihil
290 809 357 844 esse
374 809 622 853 desperandum
637 808 855 842 multitudini
869 834 880 850 ‚

129 858 243 893 Modo
258 859 325 893 sibi
339 869 487 892 concors
503 858 608 892 fuerit
619 884 627 899 ,
642 858 845 901 exemplum
860 858 929 892 hoc
945 858 1065 894 docet.

260 941 987 989 .ss————27⁶3?3„—-——9

308 1027 339 1070 F
363 1026 403 1070 A
431 1026 464 1070 B
493 1026 539 1070 U
568 1027 602 1070 L
625 1024 664 1068 A
729 1023 777 1069 X
796 1026 840 1070 V
862 1027 881 1072 I
903 1026 937 1071 I.

414 1106 566 1164 Vulpis
599 1102 641 1149 δ’
674 1104 842 1148 Corvus.

124 1159 173 1241 :ff
180 1209 202 1232 E
213 1208 230 1232 J
244 1208 271 1232 u
284 1208 310 1232 N
322 1207 349 1232 A
366 1198 497 1242 Vulpis
514 1197 603 1231 circa
618 1196 722 1232 villas
735 1224 744 1239 ‚
757 1198 914 1244 compita
928 1225 940 1242 ‚

128 1248 310 1294 Pagosque
325 1249 477 1292 praedam
495 1246 573 1280 cum
590 1246 804 1291 quaesiviss‘et
820 1248 880 1281 diu
894 1274 904 1289 ,

125 1297 168 1330 Et
184 1296 390 1330 adhibuisset
404 1307 528 1329 omnes
543 1321 553 1337 ‚
574 1307 663 1340 quos
680 1296 782 1330 norat
793 1322 801 1337 ‚
818 1298 944 1339 dolos,·

124 1346 249 1390 Neque
265 1344 432 1389 potuiffet
447 1344 609 1378 invenire
624 1344 803 1389 quidpiam
818 1371 827 1386 ‚

124 1395 210 1437 Quo
225 1394 379 1428 rabidam
396 1394 529 1427 sedaret
543 1393 793 1438 aliquantisper
807 1395 936 1428 samem
951 1405 962 1433 ·,

124 1444 285 1476 Moerore
299 1443 451 1488 denique
462 1470 472 1484 ,
489 1443 523 1476 ὅ(
539 1442 608 1475 cibi
625 1442 770 1486 penuria

123 1491 275 1537 Devicta
286 1518 295 1532 ,
312 1492 431 1525 sternit
443 1491 625 1537 languidos
639 1501 732 1524 artus
745 1491 864 1532 humi,

124 1540 332 1585 Oculosque
349 1541 419 1573 luci
434 1541 563 1574 claudit
580 1539 701 1572 invisae
714 1566 722 1580 ‚
742 1540 775 1573 ὅ(
797 1540 905 1573 silens

123 1590 175 1622 Ab
192 1600 261 1622 una
275 1600 390 1622 morte
405 1589 598 1622 remedium
611 1588 790 1632 exspectat
804 1588 903 1623 mali.

125 1637 214 1671 Cum
230 1638 280 1671 sic
295 1637 421 1679 jaceret
438 1648 511 1670 non
527 1637 708 1670 dissimilis
724 1648 873 1670 mortuae
887 1662 901 1679 ,

124 1688 342 1720 Cadaverum
358 1686 505 1719 sectator
520 1687 658 1719 Corvus
672 1687 814 1719 advolat
829 1712 838 1727 ‚

122 1735 320 1780 Rostroque
338 1735 449 1779 coepit
465 1735 582 1768 fodere
596 1761 604 1775 ‚
619 1744 795 1767 mortuam
812 1743 921 1769 ratus.

122 1785 168 1817 At
182 1784 241 1817 illa
259 1783 375 1818 subito
391 1783 563 1829 evigilans
579 1783 769 1816 attonitum
785 1783 898 1828 capit,

122 1833 274 1877 Ejus-‚que
290 1844 427 1866 carnem
439 1859 448 1873 ,
466 1833 658 1877 quamlibet
671 1833 789 1866 duram
803 1858 812 1873 ‚
830 1840 952 1868 vorat.

171 1882 261 1915 Illud
275 1882 462 1926 aliquando
475 1908 483 1922 ‚
498 1893 698 1925 comparare
711 1882 807 1925 quod
822 1881 944 1924 nequit

119 1930 306 1974 Industria,
320 1932 438 1974 labor,
453 1942 507 1964 ars
519 1957 528 1973 ,
544 1932 646 1965 dolus
658 1956 667 1972 ,
681 1930 759 1964 casu
775 1929 929 1965 advenit.
