1225 2367
205 113 294 175 238
363 113 1030 176 FAB,AEsoP1ARtJM
1190 177 1192 179 K

318 280 697 327 FABULA
775 278 1071 327 XXXII.

211 212 235 236 4

596 373 799 419 Ic‘lericus.

208 423 583 528 Quoncvmouz
600 487 677 522 sive
693 500 748 522 ars
766 514 775 529 ‚
793 487 870 522 sive
887 499 1008 524 natura
1023 490 1165 526 exhibet
1180 495 1193 534 ,‘

203 539 245 572 In
262 538 358 571 Orbe
377 537 537 581 praestans
554 537 695 571 eximiis
710 538 890 571 coloribus
902 564 912 580 ,

204 586 370 620 ICtericus
388 598 494 620 omne
511 586 546 619 id
561 586 740 630 respuebat
756 586 918 625 intuens;

202 636 248 668 Et
264 635 462 680 indignatus
481 635 778 679 conquerebatur,
792 635 880 668 nihil

203 684 401 717 Occurrere
416 695 563 727 usquam
579 683 645 716 sibi
656 709 665 724 ‚
682 685 777 727 quod
791 683 925 717 flavum
940 694 1014 718 non
1029 685 1134 720 foret.

204 733 273 765 Sed
285 732 430 776 aliquis,
446 732 544 765 istam
561 743 634 764 non
647 733 763 765 ferens
780 733 990 766 calumniam
1005 745 1014 767 :

205 782 390 826 Cognosce
404 781 554 825 teipsum
565 807 573 821 ,
591 780 681 813 dixit
696 792 705 818 ·‚
720 790 822 825 arque
838 780 959 815 sedulo

205 828 350 863 Provise
361 855 370 870 ,
384 830 544 862 morbum
557 855 566 870 ,
582 840 653 873 quo
665 829 802 862 laboras
813 855 823 871 ‚
839 830 870 863 si
885 839 990 875 queat

206 877 285 911 Suis
304 878 475 911 medicina
488 878 652 911 remediis
668 879 845 921 expellere
859 891 868 912 :

205 926 337 961 Videre
353 927 437 960 sano
454 937 507 960 res
518 952 528 968 ,
543 927 596 960 uti
611 926 710 967 sunt,
725 926 775 960 fas
792 926 872 961 erit.

597 1015 806 1063 ,ἐξῄει-ι

335 1100 669 1147 FABULA
735 1101 1067 1149 XXXIII.

381 1198 546 1242 Asinus
556 1184 667 1256 pelle
686 1198 820 1242 leonis
837 1199 1024 1243 indutus.

336 1031 361 1055 <3
1044 1030 1066 1056 >-

208 1269 298 1347 ἐξ.
309 1322 325 1345 s
338 1321 351 1344 1
364 1322 390 1344 N
402 1321 428 1344 υ
439 1321 457 1344 5
474 1310 587 1344 leonis
603 1310 695 1344 fort'e
708 1312 836 1354 pellem
852 1311 1060 1347 invenerat:

207 1363 280 1394 Suo
296 1361 409 1394 statim
426 1360 521 1393 illam
540 1360 683 1403 corpori
698 1369 822 1404 aptans
841 1359 966 1394 induit.

206 1410 259 1443 Ita
273 1420 399 1453 nempe
414 1408 497 1441 vitii
513 1408 547 1441 id
563 1419 668 1441 omne
679 1434 688 1448 ‚
706 1410 802 1452 quod
816 1408 882 1442 sibi
897 1408 1023 1442 indidit

207 1460 337 1491 Natura
348 1484 357 1498 ,
373 1456 473 1491 facile
489 1456 618 1500 corrigi
633 1456 729 1500 poss‘e
745 1466 924 1490 autumat:

207 1507 392 1551 Etiamque
406 1506 535 1538 calidos
551 1504 621 1546 jam
637 1505 671 1537 se
684 1505 808 1538 habere
825 1505 966 1548 spiritus

207 1555 357 1588 Miratur
368 1580 377 1595 ,
393 1555 445 1594 ἃ,
461 1564 583 1587 eorum
600 1552 754 1586 insolens
766 1579 776 1594 ,
791 1554 858 1586 sibi
872 1553 1039 1599 adstupet.

207 1604 302 1636 Hinc
321 1604 354 1636 se
371 1613 456 1646 ergo
472 1612 592 1635 contra
608 1601 853 1635 silvicultrices
869 1602 958 1636 feras

207 1652 359 1685 Bellator
374 1650 478 1683 inrert
492 1663 502 1688 ·‚
519 1650 623 1693 seque
638 1650 830 1683 terribilem
842 1660 988 1694 putans:

207 1701 363 1733 Tremite
375 1724 384 1740 ‚
397 1699 571 1742 pavescite
587 1710 596 1735 ·‚
613 1698 721 1731 hostis
734 1710 778 1732 en
793 1700 911 1732 adsum
925 1699 1048 1742 ferox,

206 1748 530 1791 Immisericorsque
540 1771 550 1787 ‚
565 1746 671 1791 strage
686 1747 745 1791 qui
761 1747 871 1780 multa
886 1749 1012 1781 domos

205 1799 356 1841 Implere
372 1796 498 1829 vestras
510 1821 518 1836 ‚
533 1796 653 1828 animo
670 1795 927 1830 destinaverim.

206 1845 312 1880 Dixit
326 1858 335 1883 ;
352 1846 532 1890 alacerque
546 1844 686 1888 prosilit
700 1855 829 1889 magno
845 1844 979 1889 impetu
990 1870 998 1885 ,

203 1894 422 1941 Signumque
437 1893 519 1928 belli
533 1894 588 1927 dat
599 1892 707 1927 simul
720 1894 850 1927 clarum
860 1919 870 1935 ,
885 1894 920 1927 δί
931 1893 1042 1934 rudit,
