1268 2361
0 0 19 72 ἱὲ

0 78 17 121 ἢ
146 105 355 150 LIBER
391 115 867 150 DUODECIMUS.
937 122 1026 169 293

0 157 6 191 b
37 186 85 220 At
100 185 160 220 ille
175 186 265 220 dulci
283 187 315 220 &
331 186 487 232 glorioso
501 187 655 230 pondere

0 245 3 276 ζ
38 234 154 269 Laetus
169 236 446 280 Msuperbusque
458 235 554 268 sonis
570 245 762 269 tentantem
779 236 887 270 novis

39 282 196 317 Pretium
207 285 360 318 vehendi
376 285 533 326 solvere,
551 285 591 317 ad
607 295 731 329 portus
747 297 770 317 v
774 285 848 318 ehit

39 332 220 366 Taenarios
235 359 244 374 ‚
262 332 546 377 incolumemque
563 333 710 366 restituit
725 334 814 367 solo.

86 382 184 425 Saepe
198 381 441 425 improborum
456 392 576 415 contra
593 382 668 414 vim
685 382 851 415 nefariam

35 429 179 464 Artibus
195 429 354 463 honestis*
364 431 478 464 debita
494 430 637 464 advenit
655 431 758 464 salus.

163 520 894 567 ‹2———2‘3ffr-ssffl-

183 608 215 652 F
246 608 287 652 A
315 607 348 652 B
384 608 429 653 U
468 608 505 652 L
533 608 574 653 A
646 606 691 652 X
730 607 778 653 X
817 605 878 652 X.

327 703 487 747 Porcus
524 700 566 747 δ’
598 704 724 748 Felis.

29 775 124 851 Fr:
136 825 155 849 L
168 825 190 850 Ε
202 825 236 850 Μ
255 814 456 856 venustam,
473 816 614 860 udoque
631 816 756 850 leniter
775 817 865 861 pede

30 865 121 899 Suos
140 864 207 899 sibi
220 876 331 909 usque
349 865 383 898 &
398 875 510 908 usque
526 865 720 908 polientem
737 866 829 910 pilos
841 893 851 907 ‚

29 913 242 958 Lepidaeque
259 914 381 948 formae
399 914 439 946 ab
454 924 526 946 arte
541 925 755 958 quaerentem
772 926 892 949 novos

29 962 165 996 Addere
181 961 319 1006 lepores
330 988 340 1004 ‚
355 961 446 995 vidit
464 962 593 996 Porcus
606 988 615 1004 ,
633 963 667 996 &
683 963 782 1008 gravi

29 1010 108 1044 Ηὲε
123 1011 323 1044 monitione
334 1036 344 1052 ‚
360 1010 549 1057 grunniens
560 1037 569 1053 ‚
586 1012 760 1056 redarguit
775 1026 785 1046 :

80 1059 176 1102 Quid
190 1060 261 1092 hoc
272 1086 280 1100 ‚
299 1059 385 1104 quid
399 1059 466 1093 effe
483 1061 593 1094 dicam
605 1086 614 1101 ,
629 1059 726 1105 quod
741 1061 793 1095 sic
809 1060 920 1097 anxio

28 1108 153 1141 Studes
169 1109 289 1141 labore
305 1108 444 1141 futilem
459 1109 670 1153 elegantiam

27 1155 194 1190 Inducere
210 1156 282 1190 istis
298 1156 431 1190 vilibus
447 1156 529 1200 pilis
543 1159 556 1191 ἓ
573 1168 676 1201 putas

28 1204 108 1238 Hos
124 1203 190 1238 effe
207 1205 296 1238 tanti
314 1207 326 1239 ?
344 1205 530 1239 ridiculum-
544 1205 611 1239 effe
628 1217 703 1239 non
715 1206 816 1242 vides
827 1233 839 1250 ,

28 1251 194 1296 Operose
210 1254 329 1287 inanes
345 1254 535 1287 munditias
551 1255 737 1299 exquirere
753 1258 769 1290 .>

27 1300 173 1335 Laboris
190 1311 305 1335 autem
322 1302 507 1346 praemium
523 1305 699 1347 quodnam
716 1305 822 1338 refers
835 1306 853 1341 ἓ

25 1350 110 1382 Non
126 1361 210 1383 vera
226 1350 378 1394 species,
395 1361 430 1384 at
446 1351 625 1386 simulatio
636 1377 645 1393 ‚
661 1352 803 1386 vanitas
815 1378 828 1396 ‚

26 1398 104 1431 Tua
117 1399 192 1432 haec
209 1399 296 1433 mihi
313 1399 430 1432 omnis
447 1399 513 1434 effe
528 1401 640 1434 forma
654 1402 816 1436 creditur.

0 1459 1 1495 ἑ
25 1446 95 1480 Vis
112 1448 231 1492 sapere
247 1445 386 1482 tandem
403 1450 417 1484 ,²
434 1449 567 1493 respice
583 1461 639 1483 me
650 1476 660 1491 ‚
677 1450 776 1484 sodes
794 1465 802 1485 ι
819 1450 886 1486 tibi

24 1496 238 1530 Imitandum
253 1499 435 1542 exemplar
450 1509 494 1530 en
507 1509 563 1532 me
579 1498 722 1532 candide
739 1499 852 1534 offero
867 1514 878 1537 z

25 1544 117 1577 Nam
132 1545 231 1590 fugio
247 1546 418 1591 quidquid
433 1547 642 1592 elegantiam
654 1559 764 1582 vocas
776 1574 786 1589 ,

25 1593 236 1638 Reputoque
252 1595 400 1634 luxum,
390 1608 396 1614 ·
416 1595 450 1628 &
467 1596 584 1641 spreto
601 1598 699 1630 cultu
714 1597 899 1641 corporis,

23 1641 204 1686 Simplex
218 1643 378 1687 agrestis,
393 1655 431 1678 ac
447 1655 557 1689 prope
574 1645 737 1680 horridus
750 1647 908 1682 ambulo.

74 1689 133 1724 Sic
147 1690 300 1725 Porcus:
316 1702 351 1725 at
366 1693 415 1726 sic
429 1704 531 1726 contr
534 1707 553 1728 a
567 1695 656 1729 Felis
673 1694 820 1740 incipit:

22 1738 74 1772 Ut
89 1738 181 1773 forte
198 1750 277 1773 cura
289 1741 394 1775 fuerit
410 1743 622 1786 exquisitior

21 1787 106 1822 Mea
125 1788 241 1822 omnis
258 1789 294 1822 in
310 1801 392 1823 meo
407 1801 453 1823 ex
455 1802 509 1824 co
500 1793 603 1825 'endo
616 1803 788 1836 corpore
780 1816 790 1831 ,

21 1836 107 1869 Non
122 1846 159 1870 tu
173 1837 259 1871 mihi
275 1848 392 1871 tamen
407 1840 477 1872 ulla
493 1841 645 1883 praebes,
660 1852 737 1885 quae
755 1841 899 1885 sequar,

22 1884 193 1931 Exempla
207 1886 355 1924 idonea:
370 1887 482 1924 immo
498 1889 632 1935 quanto
648 1900 683 1924 te
697 1889 809 1934 magis

726 1939 758 1972 N
780 1937 818 1982 iij
