1268 2361
179 112 415 155 LIBER
475 116 906 154 SECUNDUS.
973 116 1033 169 45

144 274 301 320 FAB
331 272 501 318 ULA
567 270 941 317 XXXVIII.

292 356 491 428 Agricola
526 364 568 411 G·
594 358 796 410 Fo‘rcuna.

51 439 332 518 AQGRICOLA
344 505 353 521 ‚
367 489 491 513 terram
510 478 646 513 fodiens
658 504 667 519 ‚
681 479 877 512 thesaurum
894 478 1046 521 invenin

53 531 264 574 Auferrque,
280 540 344 562 nec
362 539 442 562 eum
457 529 618 561 Fortunae
637 537 820 571 acceptum
838 527 941 561 refert
956 540 966 566 ·‚

55 579 122 612 Sed
137 579 242 612 etiam
259 577 391 611 meritis
409 577 563 609 debitum
581 576 688 609 credit
704 576 785 608 suis.

52 627 269 660 Tltesaurum
285 626 368 659 hinc
385 625 520 669 aliquot
535 624 611 668 post
628 624 698 657 dies
716 624 770 657 fur
787 623 933 668 subripit
949 636 958 658 ε

22 710 25 712 ,
54 675 213 708 Afflictus
232 686 317 720 ergo
337 673 433 707 luctu
452 672 699 706 inconsolabili

55 724 219 770 Agricola
236 722 408 767 questibus
425 721 544 754 omnia
560 721 687 753 insanis
705 722 835 764 replet,

55 773 98 805 Et
114 772 231 816 aspera
247 771 337 804 inter
353 770 459 803 verba
474 771 662 803 Fortunam
681 768 847 813 increpat.

57 821 152 862 Quid
168 831 222 853 me
233 846 242 860 ,
259 819 372 864 inquit
389 819 447 852 illa
459 845 467 858 ,
483 818 646 863 gravibus
665 817 873 850 immeritam
891 817 1028 861 probris

57 869 214 902 Lacessis
229 870 243 902 ἓ
258 877 361 911 atque
372 893 380 908 ‚
395 868 489 911 quod
504 866 569 899 tibi
586 876 743 909 ereptum
761 865 807 898 est
823 866 955 898 bonum
966 891 977 906 ‚

59 917 180 950 Meum
197 916 347 950 faventis
364 926 489 948 munus
505 915 576 947 hoc
593 914 621 946 si
639 925 710 946 non
725 913 810 953 fuit,

58 965 130 999 Cur
147 975 240 999 nunc
258 975 370 997 meam
387 963 541 997 reflantis
557 964 646 996 hanc
665 964 801 1006 culpam
818 964 955 997 vocas?

443 1053 598 1098 242³&
606 1059 657 1084 fl

897 1064 922 1088 ὃ·

186 1071 211 1096 .ss
222 1082 430 1088 *ffl—d—c

220 1138 538 1185 FABULA
597 1137 885 1184 XXXIX.

472 1235 646 1294 Tulipa.

65 1308 158 1385 H
172 1359 195 1384 Α
210 1359 230 1383 Β
242 1359 264 1383 E
276 1359 296 1383 Β
309 1358 334 1383 Α
345 1359 369 1383 τ
386 1349 512 1394 aliquis
531 1348 694 1382 maximae
710 1348 874 1392 Tulipam
893 1348 963 1393 spei
976 1375 985 1391 ,

8 1397 9 1400 ’
63 1399 115 1432 Ac
133 1398 299 1445 singulari
315 1411 391 1443 quae
408 1397 477 1439 jam
495 1397 752 1442 pulchritudine

65 1447 203 1481 Oculos
220 1448 377 1480 tuentfim
395 1446 488 1480 dulci
505 1446 668 1479 retineret
685 1445 783 1479 morss
798 1458 808 1484 ·,

63 1496 152 1529 Tam
169 1495 264 1529 resto
282 1498 378 1529 caule
391 1522 400 1536 ,
413 1505 553 1539 tamque
570 1505 719 1538 procero
737 1494 812 1528 suas

26 1579 29 1581 Α
65 1544 258 1577 Attollebat
274 1555 360 1588 opes
378 1557 385 1577 :
404 1553 474 1576 tam
491 1544 694 1576 rotundatas
711 1544 799 1576 hene
814 1568 824 1583 ‚

65 1592 154 1625 Tam
173 1592 317 1626 delicat&
334 1592 504 1625 varietate
521 1591 671 1635 dispares

68 1640 171 1673 Calix
189 1643 326 1674 colores
342 1640 539 1685 explicabat
554 1640 695 1672 vividos
713 1642 720 1673 !

68 1690 210 1723 Florum
226 1689 351 1722 eruditi
366 1698 541 1732 quotquot
557 1698 728 1721 amatores
745 1697 860 1727 erant,

70 1737 267 1781 Cupiditate
283 1747 406 1770 omnes
425 1737 560 1770 curios&
578 1736 722 1780 perciti,

70 1785 234 1830 Tulipam
249 1786 417 1818 volebant
433 1785 545 1819 visere
560 1784 855 1819 formosissimam
867 1810 877 1823 ,

72 1833 208 1866 Omnes
225 1834 383 1867 amabant
394 1859 403 1874 ‚
417 1844 540 1866 omnes
557 1834 742 1876 cupiebant
758 1832 824 1866 sibi

72 1881 208 1915 Habere
224 1881 403 1927 propriam
417 1893 427 1920 3
445 1892 595 1926 quorum
610 1892 699 1915 unus
713 1880 908 1923 versutior,
