1268 2361
195 97 431 138 LIBER
491 101 806 137 SEXTUS.
918 102 1005 156 135

20 177 69 211 At
83 174 255 210 innocens
270 176 441 210 Columba
457 185 580 208 contra
595 174 647 208 sic
664 174 768 207 refert
783 186 792 207 :

20 226 122 259 Vitia
136 224 239 267 hujus
256 225 439 258 observare
456 235 529 257 non
543 223 645 257 licuit
660 223 747 256 mihi
763 235 772 262 ·‚

21 274 217 308 Praestantis
233 284 351 308 autem
369 273 528 316 corporis
545 273 696 316 speciem
716 271 886 316 inclytam
902 296 914 313 ,

21 324 149 356 Caudae
166 323 319 356 nitorem
338 322 370 355 ὅ(
387 323 550 355 aemulum
567 320 714 366 gemmis
731 322 833 353 decus

7 371 151 406 *Mirata
167 372 241 404 sum
253 398 261 412 ‚
277 372 312 404 ὃ(
327 372 464 404 laudare
481 381 554 403 non
570 370 652 403 satis
672 380 777 414 queo.

71 421 159 453 Mali
176 420 360 465 requirunt
374 446 387 460 ,,
398 430 537 463 carpere
554 431 629 463 que
647 418 784 463 possint
800 443 807 457 ,
826 418 915 451 mala
928 429 942 452 τ

22 468 176 503 Laudare
191 469 330 514 possim
344 480 419 514 quae
436 470 526 502 hona
537 494 547 509 ,
561 469 743 513 requirunt
756 467 854 500 boni.

158 545 627 594 ς--ᾲ--Ἳῖζὲὲ

863 559 882 584 )·

215 632 578 680 FABULA
647 633 828 679 XXI.

395 729 522 773 Pueri
551 729 648 773 duo.

29 803 155 880 Du
168 854 193 878 ο
205 871 214 887 ,
231 843 351 878 stultus
368 845 474 885 alter,
492 845 578 878 alter
595 854 711 878 autem
726 843 894 884 callidus⁹>

28 894 132 928 Pueri
148 895 184 927 in
200 905 388 927 commune
404 893 612 927 invenerant
630 893 765 937 aliquot
781 904 903 927 nuces.

28 943 125 986 Quas
143 943 222 977 cum
238 941 387 988 fregisset
403 943 544 976 callidus
556 969 565 983 ‚
581 942 684 975 stulto
701 942 794 975 dedit

28 992 213 1026 Putamina
230 991 314 1025 cafia
325 1018 334 1033 ,
351 993 494 1025 nucleos
509 991 657 1035 sumpsit
674 991 753 1024 sibi.

29 1040 161 1074 frustra
177 1041 255 1081 ille,
272 1041 366 1085 quod
382 1050 477 1073 tenet
488 1066 497 1082 ,
515 1040 695 1084 experitur
706 1066 715 1079 ‚
731 1039 815 1083 quid
831 1048 939 1083 queat

29 1089 190 1124 Prodeffe
204 1116 213 1131 ‚
230 1091 487 1134 deceptumque
503 1089 574 1122 sese
591 1088 768 1134 intelligit.

30 1139 78 1171 At
94 1150 167 1172 non
184 1137 336 1182 decipiet
349 1139 436 1171 ultra
450 1164 459 1179 ‚
477 1137 567 1172 dixit
581 1162 596 1178 7
607 1138 640 1171 &
656 1136 767 1181 probe

31 1188 187 1221 Ulciscar
201 1187 275 1226 eius
288 1187 444 1220 fraudem
455 1212 464 1227 ‚
481 1187 511 1220 si
529 1197 597 1230 qua
614 1187 686 1220 fors
703 1187 801 1219 ferat.
859 1213 868 1222 ,

31 1235 81 1269 Hi
97 1236 317 1280 postmodum
334 1236 436 1268 ambo
453 1235 616 1268 similiter
633 1236 784 1278 quodam
801 1233 857 1267 die

34 1284 125 1318 Cum
141 1283 343 1328 reperiss'ent
356 1284 451 1316 oleas
467 1296 476 1321 ·‚
492 1283 553 1328 qui
568 1283 741 1317 fallaciam

33 1334 155 1378 Nuper
171 1332 238 1366 sibi
253 1331 379 1366 saetam
397 1331 571 1377 corrigere
586 1333 662 1376 pari
677 1333 761 1364 dolo

35 1382 207 1426 Cupiebat
222 1394 230 1414 :
247 1382 286 1414 Id
303 1381 398 1424 quod
415 1381 504 1414 intra
518 1380 582 1421 est,
599 1380 714 1425 inquit
725 1407 733 1420 ,
751 1381 791 1413 da
807 1379 892 1412 mihi
908 1392 918 1416 3

34 1430 136 1471 Tibi,
155 1431 250 1475 quod
265 1429 312 1462 est
327 1441 443 1471 exn-a,
461 1431 558 1463 tolle.
575 1429 710 1462 Gaudet
724 1429 761 1462 in
775 1429 855 1462 sinu

36 1479 160 1513 socius
176 1492 185 1517 '⁷
200 1478 403 1522 jubentique
421 1478 517 1512 illico
532 1490 666 1511 morem
684 1489 805 1523 gerens
820 1503 829 1517 ,

38 1529 143 1572 Capit
162 1528 228 1561 s1bi
244 1538 381 1560 carnem
398 1527 596 1572 oleaginam
611 1554 622 1568 ,
637 1529 772 1560 dulcem
789 1526 928 1563 cibum

38 1577 159 1610 Duros
175 1576 311 1610 misello
326 1578 430 1610 tradit
445 1578 539 1609 ultro
554 1577 710 1609 nucleos.

89 1625 149 1659 Nil
162 1626 242 1659 usus
260 1624 400 1667 adjuvat
410 1650 418 1666 ‚
432 1625 493 1658 uhi
508 1624 598 1658 deest
614 1623 809 1668 prudentia.

424 1775 645 1826 ’9κῆῆὶἓέ
