1313 2367
207 140 266 189 68
367 140 515 185 ΓΑΒ.
550 140 1032 186 AESOPIARUM

204 223 272 257 Sed
287 222 367 256 inde
384 224 397 267 (
410 232 505 256 tanta
521 221 568 256 est
583 222 658 265 ejus
673 222 907 266 imprudentia
926 225 932 257 !
953 223 966 265 )

203 271 247 305 In
263 271 369 304 aliam
385 271 500 304 rursus
514 297 526 312 ⁷
540 282 606 304 nec
622 271 736 305 multo
753 271 829 315 post
842 297 852 312 ,
868 271 991 305 incidit

204 319 392 353 Mustelam
407 345 417 360 ,
433 319 569 353 cunetis
586 319 740 352 muribus
759 331 836 364 quae
859 318 1018 353 maxime

203 367 295 401 Effet
311 367 457 402 inimica
475 381 482 402 :
502 369 536 401 &
551 369 625 401 haec
639 381 647 401 ε
668 369 776 411 Quod
791 368 837 402 est
853 369 975 402 odium
990 366 1079 402 mihi

206 415 363 457 Gentem
379 416 416 449 in
432 417 608 450 murinam
623 443 632 458 ‚
648 426 763 450 morte
778 417 941 461 protinus
956 417 1016 450 tufi

206 465 383 499 Solaberis
399 491 407 505 ‚
425 465 487 499 ait.
505 466 551 498 At
567 465 644 509 quis
661 476 759 498 error
775 476 809 499 te
826 468 938 499 malus
950 492 960 507 ‚

206 514 409 558 Respondet
425 514 484 547 ille
499 539 509 556 ,
525 514 655 557 decipit
673 516 685 548 ἓ
701 525 784 549 cave
799 540 809 555 ,
825 515 972 548 obsecro
983 540 993 555 ‚

207 563 262 595 Ne
278 563 385 596 facias
403 562 438 595 id
453 564 549 606 quod
564 561 681 607 posted
697 562 864 596 infectum
879 589 888 604 ‚
905 563 1027 603 soror,

208 611 382 644 Volueris
396 611 517 645 frustra
536 624 544 644 ι
562 622 635 644 non
651 622 717 656 ego
734 612 808 644 sum
824 638 832 653 ‚
850 622 954 656 quem
971 621 1010 644 tu
1025 620 1124 655 putas
1139 614 1151 653 ‚'

209 659 349 703 Aliquis
367 661 408 692 de
424 670 526 705 gente
543 660 699 693 murium
715 660 947 693 infestissima.

210 707 308 742 Male
325 719 441 742 mures
458 719 602 751 pereant
618 721 627 746 ·,
645 709 747 741 vivat
763 709 883 742 avium
900 719 983 754 gens
1000 721 1008 742 ε
1026 707 1104 742 avis

210 757 286 801 Ego
302 757 377 790 sum
395 769 404 795 3
423 758 519 801 quod
534 757 597 790 alis
609 782 618 798 ‚
635 757 770 801 adspice
785 784 794 799 ‚
811 769 856 791 en
871 756 959 790 meis
976 757 1044 791 tibi

211 805 364 838 Probare
379 804 528 850 poffum.
548 805 705 839 Mustelae
721 806 797 839 haec
813 806 931 839 oratio

211 853 366 887 Honesta
382 854 458 887 visa
475 853 534 887 est.
552 855 643 898 Ergo
660 854 968 898 praesentissimam

212 901 336 937 Evasit
352 901 479 949 iterum
495 902 714 946 Vespertilio
731 914 866 937 necem.

264 950 462 984 Hominum
477 951 648 996 fragilitas
666 951 847 997 ingenium
864 951 1027 986 versatile
1042 977 1055 994 ,

213 999 434 1044 variumque
445 1025 454 1041 ,
471 999 580 1033 variis
596 1011 661 1045 pro
678 1001 818 1045 periclis
834 1026 843 1042 ‚
857 1001 1006 1045 expetit.

350 1095 372 1119 ,ρ
616 1079 1073 1128 Ξῇὼ--ῇτ-θι

354 1165 499 1210 FAB
530 1165 575 1210 U
604 1163 703 1209 LA
760 1164 1070 1211 XXXVI.

506 1260 667 1307 Haedus
697 1261 737 1306 ἃ
765 1261 927 1320 Lupus.

228 1334 303 1413 C
314 1387 338 1410 Α
351 1387 370 1411 1²
383 1387 408 1411 a
418 1387 433 1411 1
445 1387 464 1411 L
476 1387 491 1411 1
504 1387 521 1411 s
540 1375 616 1421 ipso
632 1384 729 1410 tutus
745 1374 784 1409 in
798 1374 934 1421 fastigio

224 1426 316 1461 cum
333 1426 434 1461 staret
451 1427 578 1460 Haedus
597 1451 607 1466 ,
623 1424 893 1469 praetereuntem
909 1423 1080 1469 prospicit

223 1476 361 1519 Lupum
376 1488 386 1512 ·,
403 1475 578 1518 simulque
595 1473 780 1518 grandibus
798 1472 971 1506 conviciis

224 1523 398 1558 Laceffere
415 1524 514 1556 illum
532 1522 652 1566 coepit.
670 1522 870 1565 Respondet
886 1521 1005 1564 Lupus
1023 1534 1032 1555 :

225 1573 309 1606 Non
325 1582 363 1605 tu
376 1598 385 1613 ,
403 1572 459 1605 sed
475 1570 535 1604 iste
552 1582 643 1604 nunc
658 1571 759 1603 locus
777 1570 891 1602 illudit
906 1569 1006 1604 mihi.

275 1621 427 1656 Audacia
442 1621 535 1654 nulla
546 1645 557 1663 ‚
573 1620 707 1660 nullum
724 1618 784 1655 uhi
797 1618 992 1663 periculum
1008 1617 1069 1656 est.

611 1755 834 1805 Q&
