1268 2361
48 196 179 233 Pernix
193 197 317 231 eddem
336 196 544 231 Corcodilus
562 196 724 236 advenit,

53 246 262 291 omissoque
281 246 425 280 homine
437 272 446 286 ‚
462 245 598 278 serratis
614 246 703 278 hanc
719 245 878 278 dentibus

48 295 205 328 Mediam
221 294 464 339 apprehendit,
483 296 517 327 &
535 294 596 327 sub
613 304 720 338 aquas
734 294 849 326 secum
867 292 978 337 rapit:

47 343 252 388 Malumque
269 345 399 388 duplex
415 343 475 387 qui
491 342 611 376 timuit
626 369 636 384 ,
653 352 816 376 neutrum
834 341 939 378 subit.

0 0 41 270 Γ
201 117 430 161 LIBER
489 110 855 158 DECJMUS.
949 128 1034 174 223

0 411 2 434 ἱ

0 440 1 493 l

189 453 203 462 „-
444 423 899 472 Qffgffi——s-

192 510 224 555 F
258 510 298 555 A
333 510 366 554 Β
404 510 449 555 U
483 510 518 555 L
553 509 594 553 A
677 511 721 555 V
754 511 774 555 I
807 510 826 555 I
860 509 892 554 Ι.

351 605 492 649 Navis
523 603 564 650 δ’
585 604 747 649 Nauta-

47 677 96 753 ἶ
108 728 140 752 Μ
154 729 173 752 ι’
186 727 211 752 ο
226 729 241 753 s
255 729 269 753 1
282 728 305 753 τ
318 728 342 753 0
361 717 471 754 Navis
489 730 595 753 onere
611 718 690 752 etim
706 717 969 763 ingemisceret,
1022 741 1027 746 -

45 767 196 801 Nautam
214 768 375 813 rogavit,
389 767 497 812 ipsam
515 779 553 801 ut
569 767 730 801 antennis
748 766 816 800 suis
831 792 841 808 ,

44 815 350 862 Rudentibusque,
370 816 662 860 armamentisque
681 815 806 849 ceteris

44 863 212 906 Levaret,
229 876 374 899 omnem
390 864 440 899 sic
456 864 568 910 magis
586 866 734 898 celerem
751 863 819 898 sibi

45 912 89 946 Et
104 914 309 958 expeditum
323 913 485 948 diffitans
499 913 634 948 cursum
651 913 738 947 fore.

44 961 91 995 At
107 961 166 996 ille
181 975 189 997 ε
209 962 243 996 O
260 962 361 997 stulta
374 988 384 1004 ‚
402 962 486 1007 quid
501 962 593 1006 petis
604 987 613 1004 ,
629 961 678 996 ait
692 963 704 994 ?
719 959 876 995 maxime

44 1010 63 1045 J
67 1010 190 1045 uvabit
205 1011 239 1045 id
255 1012 350 1056 quod
366 1011 657 1055 impedimentum
672 1020 785 1054 putas.

94 1060 230 1093 Fabella
243 1062 475 1104 quorumdam
492 1060 677 1093 hominum
694 1058 872 1092 stultitiam
887 1066 1006 1100 notat,

47 1107 120 1150 Qui
135 1108 268 1142 liberos
285 1109 441 1153 praestare
459 1109 529 1142 sese
547 1110 629 1142 dum
644 1110 792 1149 volunt,

45 1155 252 1199 Abjudicant
267 1169 321 1191 res
339 1157 493 1191 maxime
509 1157 575 1191 sibi
594 1157 711 1192 utiles.

210 1235 905 1283 —ffl-Q‘ffie-z———a

239 1321 645 1367 FABULA
730 1321 845 1369 IX.

179 1252 206 1277 *Ε

286 1418 462 1476 Serpens
480 1414 523 1461 δ’
542 1416 632 1474 ejus
650 1418 803 1462 Filius.

53 1466 104 1545 S
115 1520 137 1544 E
150 1519 174 1543 R
185 1520 204 1543 ι’
216 1519 238 1544 ε
251 1519 276 1543 N
287 1519 304 1545 s
323 1511 490 1544 monebat
506 1509 620 1544 filium
632 1537 641 1551 ,
654 1520 693 1544 ut
709 1509 834 1543 adesset
851 1510 917 1546 sibi
927 1538 937 1553 ,

46 1559 253 1603 Serpentem
269 1559 306 1592 in
321 1559 427 1592 alium
445 1560 526 1592 dum
543 1570 676 1601 rueret,
690 1569 728 1592 ac
742 1559 920 1593 mordicus

49 1608 272 1652 Corriperet,
289 1608 322 1641 &
338 1608 494 1655 glutiret.
510 1609 598 1642 Tam
615 1608 785 1642 nefarium

46 1656 147 1690 Ti‘me
158 1682 168 1697 ,
183 1657 300 1701 inquit
316 1657 374 1691 ille·
385 1683 395 1698 ,
414 1667 453 1690 ut
468 1667 646 1701 perpetres
663 1657 798 1691 facinus
811 1682 820 1698 ‚
834 1658 958 1701 pater?

47 1705 106 1738 De
122 1715 224 1750 gente
240 1705 355 1739 nostr&
371 1706 400 1740 is
416 1717 506 1739 unus
523 1706 569 1740 est
585 1732 592 1740 .
611 1733 618 1740 .
636 1733 643 1740 .
663 1707 772 1746 Tace,
790 1715 865 1740 tace
883 1732 893 1748 ,

46 1754 170 1797 Inepte
185 1766 193 1787 t
208 1754 257 1787 sic
273 1765 373 1800 agere
387 1755 529 1798 expedit
544 1767 553 1793 ς
569 1755 707 1800 serpens
724 1754 818 1788 enim
834 1781 843 1795 ,

48 1802 253 1846 Serpentem
271 1803 300 1836 si
318 1814 390 1836 non
405 1805 569 1844 devoret,
586 1815 656 1838 non
674 1803 714 1836 fit
727 1805 843 1837 draco.

98 1851 174 1884 Hos
191 1852 231 1884 ad
246 1861 407 1895 potentes
424 1852 538 1886 fabula
554 1852 667 1886 nostra
682 1851 852 1895 pertinet,

51 1898 124 1943 Qui
138 1900 287 1934 crescere
301 1900 414 1935 solent
429 1911 474 1935 ex
491 1900 614 1936 alienis
630 1901 802 1983 cladibluKQ

794 1959 834 1982 IV
