1313 2367
224 132 286 179 66
384 132 530 176 ΕΑΒ.
564 131 1047 179 AESOPIARUM

220 214 262 247 Et
279 213 401 247 cundia
417 213 512 257 pacis
529 214 684 258 undique
697 225 824 248 munus
842 215 1017 250 obtinent.

219 263 266 295 At
283 262 418 307 Setiger
435 275 442 296 :
461 264 543 295 Non
556 263 686 296 temere
701 263 791 297 facio
803 289 811 305 ‚
829 265 925 308 quod
940 264 1039 298 vides
1054 275 1066 304 3

219 311 359 344 Etenim
375 311 553 357 pugnandi
569 311 648 346 cum
664 312 750 345 mihi
767 323 906 356 tempus
919 313 1059 347 venerit
1075 339 1089 355 ‚

218 359 275 397 An
292 370 373 393 tunc
389 361 464 394 fore
480 371 581 404 putas
597 362 716 394 dentes
733 361 878 395 acuendi
893 363 1012 395 locum
1027 363 1042 397 ἒ

268 408 356 444 Sero
370 419 537 454 parantur
553 421 648 443 arma
663 435 673 451 ,
691 409 771 443 cum
786 409 894 444 hostis
910 410 1057 457 ingruit.

1056 514 1080 538 θ’

356 518 380 541 ·ss
617 503 819 550 *Δῆμε

357 587 710 635 FABULA
776 587 1069 634 XXXII.

505 685 671 729 Asinus
702 680 942 753 ἅιΕςιιας.

224 751 300 832 Ε
318 808 344 838 Q
355 807 383 832 U
396 806 421 831 ο
439 797 622 832 invidebat
637 797 767 831 Asinus
782 823 791 838 ‚
810 796 908 843 quod
922 823 931 839 ‚
947 806 1045 833 totos
1062 796 1152 834 licet

220 846 319 881 Male
335 847 472 881 otiosus
490 847 549 881 ille
566 845 707 880 cessaret
721 846 793 880 dies
805 872 814 888 ,

220 896 358 930 Tamen
374 897 524 930 aleretur
541 894 687 929 delicate
707 895 741 929 &
757 894 900 940 largiter
915 907 926 935 ;

219 945 416 978 Laboribus
433 944 503 988 ipsi
519 945 601 978 dum
614 944 792 989 perpetuis
806 943 951 979 interim

219 993 423 1027 Exercitato
434 1019 444 1035 ‚
460 993 543 1027 vilis
565 993 725 1027 alimenti
742 994 842 1027 datur

217 1042 296 1075 Vix
313 1043 395 1076 satis
411 1055 420 1080 ·‚
441 1043 474 1075 ὃ(
491 1052 530 1075 ut
549 1053 592 1076 ne
608 1042 684 1076 vita
702 1042 868 1075 miserum
887 1041 1030 1077 deserat.

222 1092 289 1124 Sed
305 1092 347 1124 ad
362 1091 492 1135 pericla
508 1091 592 1125 belli
609 1090 832 1135 postmodum
847 1091 973 1124 videns

220 1140 360 1184 Equum
378 1140 558 1183 apparari,
574 1139 644 1181 jam
661 1139 757 1172 suam
773 1140 904 1172 sortem
921 1138 1049 1182 incipit

220 1188 380 1233 Diligere
397 1201 404 1222 ε
425 1189 459 1222 &
475 1201 483 1222 :
502 1188 653 1222 Asinum
668 1187 813 1228 vivere,
827 1187 944 1231 inquit
955 1213 965 1228 ,
979 1197 1036 1220 me
1050 1185 1169 1228 juvat.

271 1237 467 1271 Hominum
482 1263 492 1279 ,
507 1238 631 1271 beatos
645 1248 735 1281 quos
751 1245 850 1282 putat
864 1237 993 1280 vulgus
1005 1261 1015 1278 ,
1028 1237 1121 1271 mala

220 1285 353 1322 'Videre
368 1312 378 1328 ‚
396 1286 532 1321 miseris
549 1297 623 1320 non
639 1287 720 1319 leve
737 1285 785 1320 est
801 1285 978 1319 solatium.

355 1373 1079 1427 ss-——Qffle‘e--ssv

353 1476 690 1523 FABULA
756 1474 1087 1522 XXXIII.

612 1571 828 1631 AEtlziops.

227 1643 318 1721 ἐξ.
331 1695 351 1718 L
363 1695 377 1718 1
390 1695 416 1725 Q
427 1694 455 1719 u
467 1695 481 1718 1
493 1694 510 1719 s
527 1685 713 1730 loquacem
730 1686 812 1718 dum
826 1683 892 1718 sibi
908 1682 974 1717 effe
991 1682 1160 1718 feminam

224 1734 394 1777 Queritur
411 1734 557 1768 maritus
568 1760 578 1775 ,
595 1735 629 1767 &
645 1735 791 1767 modum
809 1733 999 1766 celerrimae

224 1784 414 1827 Apponere
430 1783 559 1828 linguae
577 1783 673 1816 mille
689 1792 800 1816 tentat
817 1782 948 1815 artibus
963 1807 972 1822 ‚

224 1831 451 1876 Operamque
468 1832 581 1877 perdit
596 1844 606 1871 3
629 1832 678 1865 sic
692 1831 844 1876 AEsopus
861 1830 988 1874 incipit

224 1881 374 1917 Narrare
391 1894 399 1915 ι
420 1882 607 1914 δετνηῖωῃ
620 1880 824 1925 AEthiopem
842 1879 982 1924 quidam
998 1887 1128 1913 emerat
1140 1890 1153 1917 ·‚

228 1927 337 1972 Cujus
353 1929 493 1977 nigrum
505 1932 664 1965 colorem
680 1929 898 1965 contrastum
913 1938 1007 1963 ratus
