1320 2407
314 104 896 175 PRAEFATIO.
1041 97 1102 154 vij

596 212 626 235 ae
653 193 758 233 suam
786 187 999 227 obtineant.
1031 177 1104 216 Eas

617 262 679 289 ere
704 243 796 284 nihil
817 272 829 290 ‚
854 252 931 293 quo
955 236 1074 273 virtus
1093 259 1107 278 ,

614 318 630 344 t
649 298 806 342 offendi.
825 293 960 346 Quam
978 290 1109 340 legem

112 233 172 261 tur
193 247 206 266 ,
233 224 275 254 ut
297 207 453 250 laudem
478 198 592 240 fabell

115 287 208 327 ergo
232 262 380 308 necesse
406 258 459 299 est
483 255 613 295 contin

116 327 242 382 pudor
256 353 268 371 ‚
285 314 459 359 honestas
480 309 612 364 possin

116 379 298 423 Phaedrus
319 403 332 422 ‚
371 384 419 409 ex
446 365 526 418 ipsa
556 359 812 414 apologorum
843 358 975 386 natura
1005 353 1113 380 ema-

121 445 277 476 nantem
295 460 308 478 ,
333 422 440 479 quod
461 421 519 458 bis
536 447 548 464 ‚
570 425 678 454 terve
703 405 872 460 neglexit
897 431 908 449 ,
929 396 1022 437 illud
1045 394 1115 432 mi-

123 487 285 530 serrimis
306 481 381 522 aevi
405 472 610 519 tiberiani,
635 479 712 519 quo
736 461 832 503 vixit
849 487 862 506 ,
891 448 1118 503 corruptelis

125 546 290 597 imputo.

657 617 690 626 '¹
721 612 901 653 suavitate
930 601 1119 656 apologos

135 693 208 734 esse
233 680 573 730 commendabiles.
600 669 725 725 Quod
749 666 902 706 eveniet
924 690 936 708 ‚
962 672 991 695 Sl
1014 667 1124 693 cotn-

135 745 340 802 prehensio
371 737 580 778 verborum
597 726 722 766 omnis
741 714 927 760 laboriosa
945 708 1128 762 repudie-

136 814 224 848 tur-3
253 796 477 836 adhibeatur
503 796 630 826 autem
658 776 827 818 elocutio
854 782 948 823 pura
969 796 980 811 ,
1010 776 1129 801 natm

140 854 282 907 leporis
299 850 412 903 plena
427 875 438 892 ‚
459 843 507 882 ad
522 835 780 878 narrationem
798 822 1001 866 dilucidam
1015 847 1026 865 ‚
1046 818 1133 854 bre·

143 918 311 959 vemque
332 933 344 950 ‚
366 902 405 940 id
426 896 479 938 est
495 927 509 942 ,
535 890 756 932 circuitione
785 878 881 919 vana
906 883 1102 914 carentem
1123 898 1136 913 ,

146 956 438 1002 accommodata
454 965 467 999 ·,
490 963 532 988 ac
553 947 709 986 demum
730 935 909 977 festivitas
928 925 1104 981 quaedam
1123 952 1134 967 ‚

149 1017 272 1056 minim
295 1021 424 1064 arguta
447 1036 457 1054 ,
486 1002 602 1056 qu‘am
624 1000 790 1048 ingenua
810 1018 822 1037 ‚
850 997 937 1025 cum
959 977 1141 1032 simplici-

150 1081 229 1111 tate
249 1064 433 1107 sermonis
455 1066 640 1112 perpetua
661 1046 927 1098 conjungatur.

163 1334 379 1373 Fontanam
398 1355 410 1374 ,
431 1323 599 1362 summos
628 1312 743 1353 ambo

166 1400 248 1426 rem
274 1398 284 1422 ε
309 1383 372 1420 hic
407 1377 456 1417 ad
488 1380 703 1414 extremum
731 1361 931 1403 videbatur
960 1352 1052 1392 mihi
1077 1361 1157 1388 tam

0 1471 2 1485 ι
169 1442 306 1494 plenus
321 1467 333 1485 ‚
356 1442 511 1483 tamque
535 1421 723 1480 perfeRus
741 1448 753 1466 ‚
776 1426 818 1454 ut
839 1425 903 1451 me
924 1409 1131 1448 deterreret
1150 1432 1162 1447 ‚

0 1492 3 1530 ¹
171 1508 220 1533 ne
249 1488 379 1544 lingua
407 1482 538 1539 gallica
567 1476 749 1518 auderem
779 1466 1023 1522 propositum
1053 1456 1163 1497 exse-

175 1548 239 1600 qui
258 1560 268 1584 :
293 1556 329 1583 at
350 1542 413 1580 ille
429 1569 442 1587 ‚
467 1542 721 1590 praeterquam
744 1521 849 1577 quod
872 1516 1029 1558 fabellas
1053 1511 1164 1551 nobis

175 1599 277 1641 haud
297 1600 350 1637 ita
367 1594 505 1635 multas
526 1586 675 1638 reliquit
691 1612 704 1631 ,
728 1579 845 1617 habet
863 1582 1049 1627 praeterea
1070 1578 1169 1604 non-

178 1654 300 1695 nullas
315 1681 327 1699 ,
351 1662 435 1702 quae
455 1655 617 1698 ingenus
634 1669 645 1687 ‚
668 1634 790 1689 qualia
812 1642 912 1669 nunc
934 1624 1019 1664 sunt
1036 1651 1048 1668 ‚
1073 1632 1169 1657 con-

261 1709 267 1715 ’
361 1706 368 1712 '
512 1701 518 1707 “
813 1684 852 1723 'd
868 1713 879 1731 ‚
897 1677 1004 1734 quod
1025 1674 1143 1714 sentio
1160 1700 1173 1717 ‚

791 1795 834 1824 {¹215
857 1789 952 1833 prima
974 1782 1040 1817 lili-i
1061 1779 1147 1823 primi
1167 1802 1174 1811 ,

232 1825 245 1847 1
271 1813 379 1846 Paucae
394 1806 508 1841 Phaedri
527 1801 639 1836 fabella:
657 1807 724 1831 cim
742 1797 786 1837 ip<

791 1845 837 1869 ste
863 1843 898 1866 ac
924 1826 1079 1863 venustate
1103 1831 1178 1867 pos-

189 1858 227 1892 de
249 1857 320 1899 lupo
347 1855 379 1888 δ(
402 1859 480 1895 agno
495 1871 507 1886 ‚
529 1843 676 1888 exzquari
696 1839 786 1882 ngnit

191 1902 268 1935 sunt.

933 1946 955 1970 a
984 1931 1021 1968 ἰν
