1225 2367
161 100 254 144 224
320 86 468 131 ΓΑΒ.
502 86 988 133 AESOPIARUM

167 166 1136 214 «π-ΞεὲέᾙὲέΞ-ῄ-ι-ῡ
1184 210 1185 214 Ἰ

365 252 396 296 F
436 250 474 296 A
514 252 635 298 B.U
675 253 712 298 L
750 253 792 298 A
883 252 944 299 X.

492 347 622 391 Canis
641 347 807 412 astutia.

164 421 249 499 ἶ]
265 470 288 493 τ
309 460 400 494 inter
415 459 579 494 homines
591 486 601 502 ,
617 459 666 494 ita
684 472 827 505 quoque
845 460 935 496 inter
951 460 1077 496 bestias

162 509 307 553 Ingenia
322 512 481 554 quaedam
497 509 687 554 singularia
705 510 873 545 eminent.

161 556 323 591 Praestare
339 558 441 591 stulto
461 558 603 591 callidus
620 558 732 591 nihilo
747 558 857 604 magis

162 606 316 640 Videtur
330 632 340 647 ‚
357 606 463 651 quam
479 617 554 640 cata
567 607 687 650 vulpis
703 606 834 640 foetidae
850 607 902 640 sui
916 633 926 649 ‚

163 656 234 688 Cui
251 667 316 699 pro
333 656 402 689 sale
419 657 497 689 data
511 655 558 689 est
571 655 687 689 anima
702 681 711 696 ‚
726 667 769 688 ne
785 657 1010 700 putresceret.

164 704 372 738 Animantes
390 714 506 738 autem
521 715 566 737 ex
579 704 735 737 moribus
751 704 887 749 generis
903 704 956 738 sui

165 753 404 786 Consideratae
419 779 428 794 ,
446 753 613 796 quantum
629 752 860 798 intelligentia

165 800 366 846 Aliquando
384 801 503 834 norint
519 800 623 834 sociis
637 803 864 842 antecellere,

166 849 274 883 Brevi
287 851 357 883 hoc
373 851 538 894 exemplo
553 861 645 882 nunc
661 849 749 882 mihi
763 850 980 893 probandum
996 849 1115 887 venit.

217 899 304 932 Tres
321 898 358 931 in
375 898 488 931 culina
504 900 586 932 dum
602 900 642 932 ad
658 899 776 932 focum
793 899 918 932 cubant
935 910 1037 934 canes
1053 924 1065 942 ,

167 947 348 991 Tempore
363 947 526 987 hiemali,
545 958 687 992 quartus
702 957 746 980 en
758 947 961 991 supervenit
976 960 986 987 3

169 996 243 1038 Qui
258 996 336 1029 cnm
352 995 487 1028 videret
500 996 667 1029 idoneum
686 997 803 1028 locum
820 995 888 1029 sibi

170 1045 317 1078 Nullum
331 1043 490 1077 reliCmm
502 1070 510 1084 ,
525 1043 746 1089 excogitavit
760 1045 850 1077 hanc
864 1044 964 1078 viam

171 1093 211 1126 Id
228 1091 432 1132 obtinendi,
447 1093 542 1136 quod
558 1094 724 1126 volebat:
743 1092 777 1124 se
793 1093 887 1125 foras

172 1140 331 1185 Repente
348 1140 499 1184 proripit
516 1153 526 1178 '⁷
546 1142 578 1174 ὅ(
595 1140 697 1184 quam
714 1140 879 1174 maximis
894 1140 1008 1185 potest

173 1189 354 1223 Viciniam
370 1200 512 1222 omnem
527 1199 731 1222 commovet
745 1189 926 1222 latratibus
941 1202 950 1224 ε

173 1238 313 1281 Quibus
329 1237 491 1280 excitati,
513 1237 574 1282 qui
589 1238 757 1270 cubabant
772 1239 814 1270 ad
828 1238 948 1271 focum
962 1263 974 1280 ,

176 1287 302 1321 Statim
320 1288 519 1320 allatrantes
537 1297 667 1320 exeunt
685 1298 692 1320 :
711 1296 745 1319 at
758 1287 814 1319 hic
830 1286 936 1320 simul

176 1336 311 1370 Furtim
326 1335 493 1380 regrefi‘us
506 1335 544 1368 in
560 1334 714 1369 culinam
725 1360 733 1375 ‚
752 1346 857 1379 quem
872 1336 993 1368 locum

178 1384 252 1418 Sibi
267 1385 452 1418 arbitratur
466 1383 794 1419 commodissimum
806 1409 815 1425 ‚
829 1393 992 1430 occupat.

227 1434 400 1467 Animalia
416 1443 531 1478 autem
544 1432 762 1474 hujusmodi,
777 1432 854 1475 quis
869 1432 916 1465 est
929 1432 1059 1476 sophus

179 1482 253 1524 Qui
269 1482 471 1525 persuadere
488 1481 620 1525 possit,
639 1480 750 1513 nihilo
764 1482 841 1523 plus
856 1480 961 1514 meris

180 1532 380 1565 Automatis
397 1530 514 1573 sapere
529 1531 542 1564 ?
558 1529 588 1562 si
605 1529 746 1561 cochlea
757 1554 765 1569 ‚
779 1530 839 1562 vel
855 1528 1005 1563 ostreum

180 1578 352 1612 Dicantur
367 1578 432 1612 esse
447 1578 611 1611 machinae
629 1577 808 1614 versatiles
822 1602 832 1618 ,

182 1627 307 1664 Parum
324 1638 531 1672 repugnem:
551 1627 608 1660 sed
625 1627 755 1659 Canem
770 1626 883 1667 hunc,
898 1624 1000 1671 aequ¹e
1016 1625 1086 1662 suis

183 1676 437 1712 Inservientem
454 1675 649 1711 commodis
661 1701 670 1716 ,
685 1686 725 1711 ac
742 1674 771 1708 si
786 1674 879 1707 foret

185 1726 376 1759 Veterator
392 1724 516 1768 aliquis
532 1724 656 1758 ultima
674 1736 692 1758 e
711 1722 946 1766 Normannia,

186 1773 408 1819 Quicumque
422 1773 520 1808 sensu
537 1773 735 1806 destitutum
750 1771 900 1813 dixerit,

185 1822 346 1859 Rationis
362 1834 487 1871 expers
501 1822 572 1868 ipse
588 1821 764 1858 videbitur
779 1819 881 1857 mihi.
