1225 2367
197 131 286 194 338
355 132 507 176 ΓΑΒ.
540 130 1018 177 AESOPIARUM

479 212 1181 261 =²⁸2²32T2“—==³

385 300 415 343 F
447 300 488 343 A
524 299 557 343 B
594 298 639 343 U
673 299 710 343 L
741 299 783 344 A
854 297 904 344 X
931 300 990 345 V.

426 394 539 438 Puer
557 391 600 438 G·
615 393 725 437 Nux
747 393 952 459 castanea.

219 231 244 255 -ί,

194 443 318 548 Qu
330 518 343 542 1
357 518 384 541 D
397 517 423 541 A
434 517 470 541 M
485 518 662 551 repererat
675 506 768 541 fort'e
786 507 977 541 castaneam
989 509 1128 543 Nucem

192 560 282 594 Puer
297 571 303 591 :
321 558 539 602 coquendam
552 556 690 590 fervido
708 557 818 590 cineri
829 556 943 590 statim

192 608 398 642 Commisit.
416 606 529 639 AEstus
545 607 604 639 illa
618 616 691 638 non
707 606 908 640 tolerabiles

189 658 262 691 Ubi
278 657 400 696 sensit,
417 656 568 688 indicare
585 655 759 688 cruciatus
776 655 857 687 suos

191 706 348 739 Stridore
365 706 513 749 querulo
531 704 642 747 coepit
659 716 666 736 :
682 714 716 736 at
732 713 850 736 motus
868 702 957 736 m'hil

191 754 282 787 Puer
297 753 545 787 immisericors
558 778 566 792 ,
585 751 671 795 quin
690 753 723 784 ὃ(
740 751 859 796 aspere
874 751 993 793 jocans
1008 763 1018 785 :

192 802 275 836 Sine
292 801 400 835 modo
411 828 419 842 ,
434 801 524 834 dixit
540 813 550 838 ·‚
568 812 635 845 ego
651 800 724 834 scio
739 800 807 845 quii
825 799 1015 845 comprimi

191 851 343 885 Ratione
360 850 474 894 possit
490 849 604 882 naenia
620 849 679 881 ista
693 849 847 882 funebris
861 862 870 883 ε
1214 874 1225 885 ,,

191 899 457 943 Prunarumque
474 898 578 936 simul
597 897 738 941 copiam
753 897 865 931 cineri
877 897 980 942 super
1197 913 1225 942 N*

193 948 347 982 Addidit.
365 947 500 992 Iniquis
514 947 640 980 misera
655 947 740 979 Nux
755 945 934 980 ardoribus
1197 949 1202 954 ’

194 997 317 1030 Evifta
334 1022 342 1037 ‚
359 996 493 1039 crepuit
510 995 672 1028 diffoluto
692 995 825 1028 cortice
840 1006 850 1032 ;
1207 968 1218 1034 i

195 1046 264 1078 Sed
280 1056 352 1078 non
366 1045 477 1078 inulta
494 1057 501 1077 :
519 1054 647 1087 magno
665 1043 759 1076 enirn
776 1044 810 1076 se
827 1041 980 1083 sustulit,
1195 1035 1216 1086 ἦ

197 1094 254 1127 Sic
266 1103 387 1137 rupta,
402 1093 504 1130 nisu,
493 1105 500 1111 ·
519 1093 679 1136 ipsasque
695 1103 822 1135 prunas
839 1091 978 1134 expulit
1216 1087 1219 1093 ¹

196 1144 237 1176 In
253 1143 381 1176 faciem
398 1142 432 1175 &
445 1142 570 1175 oculos
586 1140 837 1184 imprudentis,
854 1151 928 1172 non
943 1139 1020 1173 sine

197 1192 339 1225 Damno
356 1201 542 1236 genarum,
559 1189 592 1222 &
606 1189 782 1222 luminum
796 1188 970 1233 periculo.

247 1240 458 1274 Metuendus
473 1237 582 1272 hostis
600 1238 662 1281 qui
675 1238 778 1279 furit,
791 1238 851 1271 vel
866 1238 949 1270 dum
963 1235 1069 1281 perit.

358 1326 1060 1374 *53*ssss—

354 1418 386 1462 F
420 1417 463 1462 A
497 1416 530 1460 B
567 1415 612 1460 U
647 1414 683 1458 L
718 1413 759 1459 A
844 1411 892 1458 X
924 1412 965 1457 V
999 1411 1032 1456 Ι.

424 1510 663 1570 Arbuscula
696 1507 739 1554 ἃ
767 1508 964 1552 Arbores.

332 1345 356 1368 ·(‹.

202 1587 297 1662 PE
309 1636 334 1660 R
345 1637 360 1660 1
373 1635 395 1659 E
407 1635 432 1658 R
443 1634 469 1658 Α
482 1634 505 1658 τ
524 1624 646 1669 ingens
663 1623 776 1656 Arbor
790 1634 798 1656 :
812 1621 853 1655 vi
865 1620 975 1655 mult&
988 1619 1025 1654 in
1041 1619 1155 1656 solum

200 1675 347 1717 Dejecta
363 1685 449 1708 mox
465 1673 514 1707 est
529 1683 683 1716 praeceps
695 1697 704 1712 ,
721 1672 757 1704 &
773 1671 938 1704 radicitus

201 1725 356 1764 Avulsa,
374 1722 546 1768 xystoque
560 1731 598 1754 ut
614 1731 739 1764 magna
753 1720 825 1752 haec
838 1717 997 1752 decessio

200 1772 472 1807 Deformitatem
490 1771 670 1809 attulerat,
686 1780 758 1809 ejus
776 1768 813 1801 in
829 1769 972 1808 locum,

201 1822 349 1863 Pusilla,
363 1820 474 1865 poffet
489 1819 588 1852 annis
605 1829 682 1862 quae
697 1816 922 1850 venientibus

200 1870 338 1904 Sarcire
350 1872 535 1908 damnum,
553 1867 709 1911 reposita
720 1865 770 1899 est
781 1864 982 1898 Arbuscula.

200 1919 248 1952 Ea
263 1929 398 1962 autem,
415 1929 492 1965 quae
509 1917 544 1953 se
559 1914 673 1951 multo
688 1916 792 1960 plus,
805 1923 910 1959 quam
926 1906 1119 1958 opomutj
1156 1917 1168 1941 ³
