1256 2362
225 117 289 179 96
390 96 1057 161 FABJAESOPIARUM

226 198 402 232 Imitando
416 199 556 231 demum
570 197 787 241 aliquatenus
802 197 921 229 valeas
937 195 1007 230 tuis

228 247 380 291 AEquare
395 247 531 291 scriptis
548 246 668 290 lingua
681 246 803 278 eadem
819 243 983 278 differens
998 269 1008 286 ,

229 297 386 329 Conatu‘s
403 295 451 329 est
467 297 630 329 dicendus
647 295 737 327 haud
753 293 889 327 inutilis
904 305 915 331 ·‚

226 345 269 377 Et
286 344 478 385 adjuvanda
494 344 541 377 est
557 344 635 376 talis
649 342 842 376 aemulatio.

225 394 277 426 Ita
295 404 421 436 nempe
439 393 500 426 {iet
517 392 681 425 usitatior
697 391 735 423 in
752 391 826 423 dies

228 441 429 474 Latinitatis
445 452 555 474 aureae
572 440 715 473 scientia
729 452 739 478 ·,

229 490 379 534 Eiusque
398 490 506 534 porro
520 489 635 523 varias
652 514 661 530 ‚
677 488 829 532 optimas
846 498 935 532 opes

228 540 474 583 frequentiori
490 538 674 572 distrahere
688 538 904 570 commercio

229 588 374 621 eunetis
391 588 522 621 licebit.
536 588 599 620 Sin
616 586 732 620 mimis
748 598 758 625 ·‚
772 587 871 619 brevi
887 583 1017 619 accidet

228 637 281 669 Ex
297 648 396 669 vanae
413 636 527 682 gentis
544 636 740 682 arrogantia
752 661 760 676 ,
775 644 814 668 ut
831 634 897 668 sibi

229 686 402 719 Occludat
423 686 495 729 ipsa
511 685 678 728 limpidos
694 685 810 717 fontes
826 684 928 717 bonae

227 734 458 778 Antiquitatis
475 747 482 767 ε
498 734 595 775 cujus
613 733 772 778 ingenuae
792 732 933 776 quidem

227 783 387 816 Veneres
399 809 408 823 ‚
424 783 580 826 salesque
593 782 720 826 lepidi,
737 782 771 814 &
784 792 837 814 ars
854 779 1033 825 aequabilis

227 833 269 864 In
286 831 400 873 libris.⁷
419 843 509 875 quos
525 842 618 864 nunc
634 830 757 875 gallica
769 829 908 873 expolit
924 839 1046 862 manus
1061 853 1071 870 ‚

228 880 408 925 Plerisque
425 882 561 914 nullum
574 878 643 920 jam
659 878 731 913 fere
746 878 934 912 inveniunt
945 879 1079 916 locum.

279 929 353 963 Hac
369 930 441 974 ipse
458 938 660 962 commotus
677 927 931 972 aliquantulum
943 927 996 962 fui

230 978 420 1022 Iniquitate
437 988 639 1022 temporum
650 1004 659 1018 ‚
677 978 711 1010 &
726 976 911 1010 deterritus

229 1028 282 1060 Ne
302 1028 386 1072 quid
400 1026 509 1060 latine
527 1027 694 1072 scriptum
711 1027 911 1060 mandarem
928 1023 1041 1070 typis.
1068 1059 1074 1063 ,

229 1078 275 1109 At
290 1076 443 1120 primum
461 1076 498 1109 in
515 1075 585 1109 istis
597 1102 605 1117 ,
621 1086 706 1120 quas
722 1074 858 1119 polivi,
875 1073 1000 1107 fabulis

228 1126 320 1158 Satis
337 1124 500 1169 expedita
516 1124 595 1157 cum
611 1125 658 1157 sit
671 1123 878 1167 simplicitas
892 1121 994 1166 styli,

229 1173 478 1218 Brevitasque,
495 1174 528 1206 ἃ
544 1173 663 1206 sensus
679 1173 830 1205 varietas
846 1169 1037 1215 probabilis
1050 1181 1063 1208 ·,

230 1222 304 1255 Effe
321 1223 506 1266 placituras
523 1221 638 1276 aliqua
656 1230 753 1264 parte
770 1218 918 1260 credidi,

231 1273 478 1316 Venturasque
498 1271 604 1304 etiam
623 1270 659 1302 in
676 1267 912 1302 multitudinis
932 1277 1068 1302 manus.

181 1340 185 1342 Α
229 1321 323 1353 Tum
339 1320 369 1353 si
386 1319 496 1364 longe
514 1320 614 1352 aliter
629 1318 778 1358 accidat,
795 1315 1018 1361 paucissimis

232 1371 431 1403 Contentus
447 1368 513 1401 effe
530 1367 670 1401 decrevi
686 1366 895 1400 Ιεέὶοτίὶηις
889 1389 898 1404 ,

232 1418 320 1451 Satis
336 1419 456 1451 beatus
467 1443 476 1458 ‚
490 1417 527 1450 hi
543 1415 652 1450 modo
666 1416 737 1448 sint
753 1414 886 1448 similes
903 1413 954 1447 tui
968 1439 978 1454 ,

231 1467 380 1511 Optime
397 1467 449 1500 SA
462 1476 482 1499 L
493 1475 514 1498 E
527 1475 552 1498 R
562 1475 576 1498 1
588 1464 673 1508 ‚qui
686 1466 807 1507 lepore
821 1462 966 1496 candido
985 1486 995 1503 ,

231 1516 274 1548 Et
290 1525 361 1548 arte
375 1514 509 1554 lucida
525 1515 560 1547 ὅ(
573 1514 699 1557 opibus
715 1511 849 1545 cunctis
865 1512 968 1545 bonae

232 1563 484 1608 Antiquitatis
478 1574 548 1605 jam
565 1562 624 1595 diu
641 1572 796 1595 mentem
812 1571 908 1593 tuam
924 1586 935 1601 ‚

231 1614 367 1647 Bonam
383 1612 492 1656 ipsam
511 1612 545 1645 ὅ(
559 1613 726 1651 alacrem,
741 1608 861 1643 sedulo
879 1605 1140 1645 informaveris.

283 1660 391 1704 Quod
406 1661 437 1694 si
452 1659 665 1704 increpuerit
676 1637 811 1692 Ιεέὶοι·
803 1657 990 1702 impatiens
1006 1667 1116 1690 morae

234 1712 337 1744 Hunc
352 1709 444 1743 forte
461 1708 566 1753 paulo
581 1708 780 1752 longiorem
796 1707 989 1751 Prologum
1003 1730 1014 1747 ,

234 1759 382 1793 Facilius
395 1768 434 1791 ut
449 1759 560 1791 redire
576 1757 712 1802 possim
730 1756 767 1789 in
783 1755 928 1801 gratiam
942 1781 952 1797 ‚

232 1810 336 1849 Nulla
353 1806 514 1841 afferetur
528 1805 676 1839 verbosa
692 1804 870 1839 excusatio
885 1817 894 1838 :

230 1858 277 1890 At
293 1857 484 1891 fabularum
497 1867 573 1900 quae
589 1865 744 1888 mearum
761 1865 840 1897 pars
856 1853 923 1887 erit

234 1905 397 1942 Extrema
407 1930 416 1948 ,
431 1904 592 1952 quintum
609 1904 771 1950 protinus
787 1903 914 1937 librum
927 1902 1030 1936 dabo.

1230 1779 1241 1852 --υ

1005 1947 1238 1984 FABULA
