1268 2361
218 126 451 172 LIBER
507 138 858 173 TERTIUS.
975 143 1024 193 51

44 207 185 254 Angues
201 234 210 250 ‚
225 210 368 242 lacertas
382 234 392 250 ‚
407 207 587 253 pestesque
604 208 639 242 id
656 220 763 253 genus
779 236 788 250 ,
804 220 949 245 vorans.

46 259 132 292 Haec
149 257 268 291 omnia
280 284 289 297 ‚
306 257 420 301 inquit
434 257 492 290 ille
503 283 512 297 ,
529 268 612 290 vera
629 258 700 290 sint
715 258 818 300 licet,

45 307 198 348 Quando
215 316 333 338 tamen
349 315 446 349 capta
462 317 498 338 es
516 306 584 339 una
600 317 679 339 cum
694 306 902 340 nocentibus
913 332 922 348 ‚

44 355 162 397 Quam
179 355 335 387 meruere
353 354 404 387 illi
420 381 428 395 ‚
444 364 484 387 tu
500 366 641 399 quoque
657 355 788 388 subibis
803 366 936 390 necem.

96 403 167 445 Qui
185 403 319 435 socium
336 403 539 436 hominibus
553 402 740 448 flagitiosis
757 404 790 437 se
806 404 899 437 dedit
913 430 923 444 ,

45 451 186 498 flagitii
202 462 326 496 poenas
341 451 416 493 jure
432 453 490 485 dat
504 477 512 492 ‚
529 453 588 486 vel
602 452 785 487 innocens.

177 541 906 588 ‚effldffaQ

241 629 273 673 F
303 630 343 673 A
380 629 412 673 B
451 629 495 673 U
530 629 565 673 L
596 628 632 673 A
709 630 728 674 Ι
762 630 780 674 Ι
812 630 844 674 Ι.

283 724 475 784 Pifiator
495 722 537 769 δ’
555 724 801 785 Pisciculus.

52 795 139 871 Pl
151 847 167 871 s
179 847 199 871 c
212 847 238 872 A
250 847 275 872 τ
287 847 312 872 ο
326 848 350 871 R
372 837 408 871 in
425 849 531 883 aquas
549 838 627 872 cum
644 837 776 879 iecisset
791 838 970 874 hamulum
982 867 993 881 ,

51 886 260 920 Pisciculum
277 887 409 921 eduxit.
431 887 521 921 Orat
536 888 594 921 ille
610 914 619 927 ‚
638 887 671 920 &
689 887 864 930 obsecrat,

50 936 100 969 Ut
113 936 182 969 sese
196 937 290 970 abire
305 963 314 978 ,
331 936 380 970 sic
397 936 611 969 minutulum
623 963 631 977 ,
647 936 761 971 sinat:

52 984 212 1018 Crescam
227 1011 236 1025 ‚
254 985 302 1018 ait
316 1011 326 1026 ,
342 985 498 1023 intere÷i3
516 985 665 1029 cumque
681 984 790 1020 fastus
805 987 967 1032 grandior

50 1033 163 1066 Fuero
178 1059 187 1074 ‚
203 1033 336 1075 majore
354 1043 438 1067 tunc
451 1044 507 1067 me
524 1033 672 1077 recipies
688 1035 801 1068 lucro.

100 1081 256 1115 Piscator
272 1093 387 1115 autem
402 1095 410 1116 ς
431 1083 487 1115 Tu
502 1092 619 1115 tamen
636 1082 672 1115 in
687 1083 896 1129 sartaginem

52 1128 230 1172 Mitteris,
247 1131 363 1176 inquit
381 1144 388 1164 :
404 1132 507 1176 pretio
522 1131 616 1165 enim
628 1130 713 1176 spem
729 1145 790 1164 non
808 1146 888 1166 cmo.

513 1225 531 1232 a-

440 1220 646 1267 -affoeiz

260 1320 292 1363 F
325 1319 363 1363 A
400 1319 432 1363 B
471 1319 513 1363 U
548 1319 583 1363 L
618 1321 654 1364 A
730 1319 834 1365 IV.

331 1414 519 1457 Membra
546 1415 583 1457 6³
610 1418 775 1460 Venter.

186 1235 210 1261 ‘ss

886 1236 908 1259 2.

58 1484 156 1561 PR
168 1535 193 1560 ο
217 1526 250 1561 se
268 1527 354 1561 olim
373 1538 514 1573 agentes
526 1552 535 1568 ‚
552 1539 686 1572 proque
704 1529 869 1564 membris
886 1532 1007 1567 ceteris
1020 1559 1031 1573 ,

54 1575 228 1610 Ventrem
244 1575 446 1609 incusarunt
460 1577 599 1609 fortiter
616 1577 678 1610 Pes
697 1579 729 1610 ὅ(
744 1579 872 1613 Manus
884 1605 893 1621 ,

57 1623 166 1667 Quod
179 1624 313 1658 otiosus
330 1625 423 1658 bona
439 1635 582 1658 voraret
597 1626 716 1659 omnia
733 1640 739 1660 ε

58 1673 213 1706 Demum
229 1674 380 1714 laboret,
398 1676 455 1706 vel
471 1675 587 1708 cibum
605 1685 647 1707 ne
663 1675 832 1719 postulet.

58 1722 293 1754 Concludunt.
313 1723 374 1754 Ille
391 1722 516 1763 semel,
532 1721 727 1768 iterumque
741 1725 910 1768 supplicat
925 1752 935 1765 ,

58 1769 304 1813 Nequicquam
320 1783 327 1803 :
346 1781 568 1805 contumaces
582 1771 787 1806 alimentum
803 1785 941 1819 negant<

61 1817 251 1851 Exhaustus
265 1829 349 1863 ergo
361 1820 467 1863 longa
483 1820 617 1853 Venter
632 1821 750 1854 deficit

60 1865 180 1899 Inedia
197 1879 205 1900 ε
224 1876 259 1899 at
275 1867 404 1910 pariter
420 1868 580 1901 Membra
594 1868 760 1902 deficiunt
778 1883 786 1903 :
804 1869 903 1903 suum

61 1913 163 1951 Tunc
181 1914 281 1962 fungi
297 1916 415 1951 voluit
430 1942 439 1958 ,
455 1926 490 1950 at
508 1915 585 1952 set-‹¹›
596 1943 606 1960 ,
622 1917 778 1953 officium
794 1919 923 1953 Manus
939 1932 949 1953 :

780 1968 808 2002 C
833 1966 855 2009 ij
