1268 2361
0 0 47 84 ff

0 106 26 117 ,4-

166 116 377 161 LIBER
416 126 868 163 UNDECIMUS.
939 116 1031 165 261·

20 197 21 201 ’
42 197 208 234 Procellae
224 210 232 231 ε
247 199 313 231 huc
327 209 411 242 ergo
425 208 561 231 currere
575 197 658 231 ratis
675 198 814 242 cogitur
829 224 840 240 ‚

25 292 29 293 ⁷
43 247 114 281 Ubi
129 246 323 290 periculum
338 245 500 279 imminet
515 247 720 289 priesentius
735 259 745 284 ·,

43 295 264 339 Illiditurque
275 320 283 335 ,
303 296 499 338 undamque
515 294 612 327 rimis
632 295 756 339 accipit
772 308 782 334 ·‚

44 343 87 376 Et
102 343 276 387 imperitis
292 354 371 376 cum
385 343 454 375 suis
472 343 671 376 dudioribus·

43 390 149 426 Ponti
166 391 377 435 profundum
393 391 428 422 in
443 392 615 435 gurgitem
632 391 857 436 demergitur.

91 440 227 474 Fabella
240 439 370 484 speftat
383 440 425 472 ad
437 439 632 472 imitatores
647 441 771 475 malos.

433 528 646 576 -Sffaea
881 542 904 568 ³-

174 614 546 662 FABULA
623 616 904 662 XXIII.

108 715 291 759 Stumus
309 745 326 766 ,
362 711 591 768 Himndo,
630 708 673 757 δ’
709 713 825 757 Aves
860 714 969 758 aliae.

178 545 202 569 -Q

45 783 144 860 PR
155 835 182 860 ο
193 837 214 861 1¹
226 837 248 861 r.
260 835 284 860 R
295 835 321 859 A
333 836 353 860 Β
368 836 427 860 Ατ
444 826 576 859 Avium
593 826 689 859 turba
703 827 818 861 dulces
835 828 876 862 ad
891 827 1012 869 cibos‚'

30 875 178 909 vDulces
190 901 200 917 ‚
217 886 250 909 at
265 874 462 909 insinceros
474 901 482 915 ‚
502 875 536 908 ὃς
551 875 676 918 plenos
689 875 793 911 dolis.

46 923 144 958 Male
160 923 309 957 ominati
323 925 469 957 Sturnus
489 922 608 956 auftor
622 923 748 956 consili

47 971 196 1006 Praeibat
211 973 285 1017 ipse
297 998 306 1013 ‚
320 972 516 1005 timidiores
532 971 680 1005 incitans

24 1051 27 1055 .
46 1020 176 1054 Verbis
193 1022 226 1055 ὃ(
241 1022 419 1065 exemplo.
438 1022 483 1053 At
497 1022 621 1053 volans
637 1031 800 1065 propter,
819 1030 940 1055 monet

47 1068 210 1103 Hirundo
224 1070 374 1113 prudens
389 1069 566 1104 :Videant
581 1069 687 1113 porro
700 1095 708 1109 ,
724 1069 806 1113 quid
823 1080 942 1114 petant
952 1081 965 1107 ·‚

49 1118 276 1162 Caveantque
291 1130 298 1150 :
315 1120 399 1152 tales
415 1118 588 1151 fraudibus
605 1117 705 1150 malis
720 1119 824 1161 dapes

49 1166 178 1200 Carere
192 1177 382 1210 numquam
397 1179 404 1199 :
420 1166 454 1198 se
470 1164 592 1199 vidiffe
610 1166 734 1208 saepius

48 1214 145 1249 Aves
166 1214 315 1248 misellas
328 1241 337 1255 ,
352 1213 494 1258 perfidis
510 1212 684 1254 ejusmodi

51 1263 141 1296 curn
155 1263 397 1307 deciperentur
413 1261 541 1295 artibus
555 1273 563 1294 ε
578 1262 717 1294 credant
732 1261 798 1295 sibi

24 1339 26 1341 μ
48 1310 267 1356 Peregrinari
284 1311 394 1349 solitae
407 1336 415 1350 ‚
433 1310 467 1343 &
483 1320 586 1353 quam
600 1309 744 1343 scientia

49 1360 212 1404 Ususque
226 1370 340 1393 rerum
356 1358 551 1392 dostiorem
566 1357 727 1392 reddidit.

51 1408 230 1453 Pleraeque
243 1419 364 1442 veram
376 1406 529 1449 judicant
543 1406 751 1440 Hirundinis

53 1456 265 1490 Orationem
278 1483 288 1498 ‚
303 1459 466 1500 ultroque
482 1456 621 1488 laudant
636 1454 673 1488 in
688 1455 767 1488 sinu
780 1467 791 1494 ;

52 1505 235 1550 Etiamque
251 1505 400 1544 norunt,
418 1503 521 1548 quzim
537 1503 583 1537 sit
600 1503 716 1537 omnis
735 1503 873 1549 indigus

38 1553 217 1588 'Rationis
234 1553 295 1587 iste
312 1554 458 1588 Sturnus
474 1553 508 1585 &
522 1553 712 1595 prudentiae
729 1565 736 1585 :

54 1601 310 1637 Verumtamen
320 1628 329 1643 ‚
344 1602 439 1646 quod
453 1601 569 1634 suadet
584 1600 642 1634 ille
654 1626 662 1641 ‚
677 1602 852 1644 perplacet
865 1614 876 1641 ;

57 1650 99 1682 Et
117 1651 352 1695 obsequuntur
366 1663 374 1683 ε
390 1660 423 1683 at
435 1660 522 1683 mox
534 1650 636 1694 valde
650 1649 801 1692 poenitet

57 1697 132 1732 Effe
149 1699 326 1732 obsecutas
336 1724 346 1740 ,
362 1698 442 1732 cum
455 1698 488 1731 se
502 1698 632 1731 haerere
645 1697 798 1731 sentiunt

59 1746 190 1780 Misere
207 1747 390 1791 impeditas
404 1745 574 1791 pertinaci
588 1745 733 1790 glutine.

107 1795 178 1829 Ubi
191 1796 296 1829 semel
311 1794 447 1828 animos
460 1794 582 1827 blanda
596 1793 690 1837 cepit
705 1792 841 1828 vanitas
854 1797 869 1839 ᾗ

59 1843 99 1879 Si
113 1843 242 1879 veritas
256 1843 459 1889 obloquitur
469 1865 479 1883 ,
492 1841 621 1876 amittit
636 1841 755 1880 fidem.
