1268 2361
307 140 796 185 SENTENTIAE.
961 153 1055 199 407

57 217 222 253 Prudenti
237 219 270 252 &
284 218 416 252 insonti
429 219 496 253 effe
510 221 706 253 clanculum
723 220 834 252 malus

58 267 147 300 Cum
160 266 287 301 desinit
296 267 404 301 hostis
416 294 425 308 ‚
435 267 502 301 effe
513 278 595 301 tunc
610 269 724 302 bonus
739 267 875 312 incipit.
892 267 916 301 l.
928 278 951 307 4
966 266 1013 311 ,f.
1032 277 1045 300 1
1055 275 1091 302 1.

54 329 211 374 Pugnare
225 331 320 364 solos
333 331 521 365 bellicosos
534 333 697 376 expedit:

53 379 252 412 Imbelliurn
267 391 391 425 agmen
405 381 512 413 officit
523 407 532 422 ,
547 382 676 414 nedum
689 379 842 422 adjuvet.
858 381 882 413 l.
894 390 915 422 7
928 379 975 423 ‚fi
992 380 1029 414 6.

0 463 4 466 »
53 441 188 488 Pugnat
198 443 257 477 ubi
267 443 399 477 utilitas
410 470 419 485 ‚
431 443 532 478 facile
545 443 700 478 vincitur
714 443 813 479 fides.
825 445 850 479 l.
866 454 880 477 1
890 454 904 476 1
919 469 929 485 ,
942 443 969 488 f.
984 453 1042 484 17.

5 1907 17 1931 l·

565 551 625 604 Q.

56 623 378 703 QUAECUMQUE
391 663 513 696 capere
527 652 758 698 intelligendo
774 663 846 686 non
863 651 976 697 potest

52 700 70 735 J
75 704 165 735 udex
179 700 319 745 ineptus
333 727 341 742 ‚
355 712 395 734 ea
407 703 613 747 plerum-que
627 701 803 745 deprimit.
820 703 843 735 l.
856 711 876 743 9
888 728 897 742 ,
910 701 940 745 f.
956 709 1015 743 34.

53 764 170 808 Quam
184 766 293 798 multa
305 791 314 805 ‚
330 764 435 797 flores
451 775 527 808 quae
543 766 696 797 tulerant
709 765 966 808 pulcherrimos
978 790 988 805 ,

49 814 196 858 Ingenia
210 840 220 855 ‚
234 813 363 847 fruetus
378 813 596 846 aridissimos
609 813 726 846 ferunt
743 816 748 847 !
766 814 790 846 l.
815 823 827 855 5
844 813 891 856 ,fi
912 821 967 854 39.

53 876 170 920 Quam
185 888 276 911 nunc
290 878 463 910 malorum
478 875 550 910 cito
564 886 778 921 propagatur
792 888 900 921 genus
917 879 923 911 !
943 877 968 912 l.
984 886 1005 918 7
1019 875 1066 920 ‚fi
1084 884 1120 919 3.

54 939 229 982 Quamvis
245 941 367 973 acerba
383 940 456 972 sors
473 939 540 972 erit
551 965 560 980 ,
575 950 652 973 eam
666 939 790 974 sustine
804 953 814 980 ·,

52 989 108 1022 Ne
121 988 222 1032 pejor
235 988 295 1021 fiat
308 1014 318 1029 ‚
333 987 525 1021 obtrectare
540 989 570 1022 si
585 989 689 1023 velis.
704 990 729 1023 l.
748 998 762 1031 3
777 1015 786 1029 ,
797 989 829 1033 f.
847 997 903 1030 30.

54 1051 135 1094 Qua
152 1051 230 1096 quis
245 1053 379 1085 laborat
394 1078 403 1092 ,
421 1051 450 1085 si
464 1061 568 1096 queat
583 1063 662 1087 cum
676 1052 832 1096 pluribus

54 1100 324 1134 Communicare
337 1100 517 1134 infamiam
529 1126 537 1141 ‚
553 1110 692 1145 reputet
703 1103 833 1135 levem.
851 1101 874 1135 l.
889 1111 913 1141 4
927 1127 936 1142 ‚
944 1100 974 1145 fi
992 1112 1050 1144 17.

53 1164 233 1206 Quercum
246 1164 374 1208 pusilla
387 1164 530 1209 Myrtus
544 1163 657 1198 everti
669 1164 795 1198 videns
806 1191 816 1206 ‚

55 1212 238 1247 Humilior
251 1211 318 1246 effe
331 1238 339 1254 ‚
351 1212 456 1258 quam
466 1213 534 1246 fuit
545 1224 712 1257 umquam
725 1239 733 1254 ,
748 1213 816 1255 jam
826 1212 927 1248 velit.
938 1214 962 1249 I.
976 1213 1068 1258 13‚f.
1083 1224 1097 1248 1
1108 1220 1143 1251 ι.

57 1277 131 1320 Qui
145 1287 268 1321 captus
281 1276 329 1311 est
344 1288 464 1310 amore
481 1278 622 1310 credulo
636 1277 687 1310 sui
700 1303 708 1318 ‚

58 1325 144 1369 Quo
158 1325 295 1360 stultior
308 1326 376 1359 erit
386 1352 395 1367 ‚
409 1325 479 1360 hoc
493 1326 559 1359 sibi
575 1325 725 1369 placebit
738 1325 862 1371 magis.
874 1327 898 1360 I.
913 1336 957 1367 14
967 1325 1016 1369 ‚fi
1035 1334 1094 1369 23.

58 1390 284 1435 Quicumque
298 1391 448 1423 mendax
460 1388 527 1422 effe
545 1390 696 1422 creditur
707 1416 715 1430 ,
732 1389 817 1423 licet

56 1438 254 1484 Aliquando
269 1450 393 1472 verum
407 1439 497 1472 dicat
508 1464 517 1479 ‚
527 1439 620 1471 haud
630 1438 712 1472 facit
725 1437 844 1472 fidem.
859 1439 884 1473 l.
897 1448 918 1471 2
928 1464 937 1479 ‚
950 1437 979 1482 f.
991 1438 1028 1474 6.

58 1502 286 1546 Quicumque
301 1501 424 1535 nocuit
435 1527 443 1542 ,
459 1501 532 1542 jure
548 1503 605 1535 dat
618 1513 742 1546 poenas
754 1528 762 1543 ‚
781 1502 891 1548 magis

57 1551 192 1584 Animo
208 1551 358 1584 nocendi
370 1576 379 1592 ‚
394 1549 497 1595 quam
513 1551 582 1595 ipsi
598 1551 715 1587 noxiae
727 1563 841 1595 pares.
858 1552 881 1585 l.
897 1551 998 1595 14‚fi
1014 1560 1049 1594 3.

59 1613 285 1658 Quicumque
299 1613 443 1647 timidus
458 1625 557 1648 natus
572 1613 619 1648 est
629 1641 638 1655 ‚
653 1615 878 1648 temerarium

59 1663 104 1697 Se
120 1661 243 1704 facile,
258 1662 388 1696 fortem
398 1662 431 1695 se
440 1664 586 1707 probare
601 1674 674 1697 non
691 1663 816 1709 potest.
831 1665 855 1698 l.
871 1674 913 1696 12
925 1663 972 1708 ,f.
991 1673 1048 1698 10.

58 1726 157 1770 Quid
168 1725 330 1771 pertinax
343 1726 477 1760 efficere
491 1738 565 1760 non
579 1727 694 1771 possit
707 1729 830 1762 labor?
847 1728 871 1761 l.
891 1736 935 1767 14
946 1753 954 1769 ,
965 1726 995 1770 f.
1013 1736 1071 1762 20.

1 1812 6 1821 .
61 1790 135 1833 Qui
149 1789 316 1823 minimus
327 1815 336 1831 ‚
353 1789 443 1834 saepe
456 1789 613 1823 summus
629 1789 676 1823 est
692 1789 775 1823 mali
789 1791 926 1835 gradus.
939 1791 962 1824 l.
973 1789 1057 1835 4,fi
1072 1798 1132 1835 13.

63 1853 136 1907 Qui
150 1855 183 1887 se
196 1855 347 1889 fatentur
361 1853 513 1887 humiles
524 1878 533 1894 ,
548 1852 692 1886 extollit
707 1854 818 1887 Deus.
836 1854 860 1887 l.
877 1863 897 1895 9
910 1879 918 1894 ,
926 1853 957 1897 f.
975 1862 1035 1896 32.

64 1917 137 1962 Qui
153 1918 254 1954 socio
270 1916 456 1961 subvenit,
474 1916 533 1952 iue
548 1916 715 1962 providet
731 1916 809 1954 sibi.
828 1917 851 1954 l.
865 1927 884 1952 2
916 1916 948 1964 f.
966 1918 1010 1954 18
1053 1918 1057 1921 ⁷
