<?xml version="1.0" encoding="UTF-8"?>
<!DOCTYPE html PUBLIC "-//W3C//DTD XHTML 1.0 Transitional//EN"
    "http://www.w3.org/TR/xhtml1/DTD/xhtml1-transitional.dtd">
<html xmlns="http://www.w3.org/1999/xhtml" xml:lang="en" lang="en">
 <head>
  <title>
</title>
<meta http-equiv="Content-Type" content="text/html;charset=utf-8" />
  <meta name='ocr-system' content='tesseract 3.04.00' />
  <meta name='ocr-capabilities' content='ocr_page ocr_carea ocr_par ocr_line ocrx_word'/>
</head>
<body>
  <div class='ocr_page' id='page_1' title='image "./fabulaeaesopiaec00desbuoft_0114.png"; bbox 0 0 1313 2367; ppageno 0'>
   <div class='ocr_carea' id='block_1_1' title="bbox 0 0 20 408">
    <p class='ocr_par' dir='ltr' id='par_1_1' title="bbox 0 0 20 408">
     <span class='ocr_line' id='line_1_1' title="bbox 0 0 20 408; baseline 0 1959"><span class='ocrx_word' id='word_1_1' title='bbox 0 0 20 408; x_wconf 95' lang='lat' dir='ltr'> </span> 
     </span>
    </p>
   </div>
   <div class='ocr_carea' id='block_1_2' title="bbox 245 142 1071 206">
    <p class='ocr_par' dir='ltr' id='par_1_2' title="bbox 245 142 1071 206">
     <span class='ocr_line' id='line_1_2' title="bbox 245 142 1071 206; baseline 0.005 -21"><span class='ocrx_word' id='word_1_2' title='bbox 245 157 311 206; x_wconf 80' lang='lat'>70</span> <span class='ocrx_word' id='word_1_3' title='bbox 409 144 562 187; x_wconf 69' lang='grc' dir='ltr'><em>ΓΑΒ.</em></span> <span class='ocrx_word' id='word_1_4' title='bbox 594 142 1071 189; x_wconf 72' lang='lat' dir='ltr'><em>AESoPIARUM</em></span> 
     </span>
    </p>
   </div>
   <div class='ocr_carea' id='block_1_3' title="bbox 244 223 997 318">
    <p class='ocr_par' dir='ltr' id='par_1_3' title="bbox 244 223 997 318">
     <span class='ocr_line' id='line_1_3' title="bbox 296 223 974 267; baseline 0.001 -10"><span class='ocrx_word' id='word_1_5' title='bbox 296 224 465 258; x_wconf 88' lang='lat' dir='ltr'>Conditio</span> <span class='ocrx_word' id='word_1_6' title='bbox 481 223 597 257; x_wconf 88' lang='lat' dir='ltr'>tenuis</span> <span class='ocrx_word' id='word_1_7' title='bbox 611 223 731 267; x_wconf 86' lang='lat' dir='ltr'>paucis</span> <span class='ocrx_word' id='word_1_8' title='bbox 748 223 795 257; x_wconf 90' lang='lat' dir='ltr'>est</span> <span class='ocrx_word' id='word_1_9' title='bbox 807 223 974 267; x_wconf 85' lang='lat' dir='ltr'>periculis</span> 
     </span>
     <span class='ocr_line' id='line_1_4' title="bbox 244 272 997 318; baseline 0.001 -12"><span class='ocrx_word' id='word_1_10' title='bbox 244 272 415 317; x_wconf 81' lang='lat' dir='ltr'>Exposita</span> <span class='ocrx_word' id='word_1_11' title='bbox 426 299 436 314; x_wconf 83' lang='lat'>‚</span> <span class='ocrx_word' id='word_1_12' title='bbox 451 273 586 318; x_wconf 85' lang='lat' dir='ltr'>magnis</span> <span class='ocrx_word' id='word_1_13' title='bbox 603 274 720 317; x_wconf 86' lang='lat' dir='ltr'>ampla</span> <span class='ocrx_word' id='word_1_14' title='bbox 737 272 871 306; x_wconf 82' lang='lat' dir='ltr'>casibus</span> <span class='ocrx_word' id='word_1_15' title='bbox 887 283 997 317; x_wconf 86' lang='lat' dir='ltr'>patet.</span> 
     </span>
    </p>
   </div>
   <div class='ocr_carea' id='block_1_4' title="bbox 370 340 1112 496">
    <p class='ocr_par' dir='ltr' id='par_1_4' title="bbox 370 340 1112 496">
     <span class='ocr_line' id='line_1_5' title="bbox 377 340 1103 413; baseline 0 -13"><span class='ocrx_word' id='word_1_16' title='bbox 377 340 1103 413; x_wconf 50' lang='lat' dir='ltr'>-ssssessfflaezssz-</span> 
     </span>
     <span class='ocr_line' id='line_1_6' title="bbox 370 449 1112 496; baseline 0 -1"><span class='ocrx_word' id='word_1_17' title='bbox 370 450 724 495; x_wconf 88' lang='lat' dir='ltr'><strong>FABULA</strong></span> <span class='ocrx_word' id='word_1_18' title='bbox 791 449 1112 496; x_wconf 92' lang='lat' dir='ltr'><strong>XXXIX.</strong></span> 
     </span>
    </p>
   </div>
   <div class='ocr_carea' id='block_1_5' title="bbox 585 547 898 606">
    <p class='ocr_par' dir='ltr' id='par_1_5' title="bbox 585 547 898 606">
     <span class='ocr_line' id='line_1_7' title="bbox 585 547 898 606; baseline -0.003 -15"><span class='ocrx_word' id='word_1_19' title='bbox 585 547 772 606; x_wconf 80' lang='lat' dir='ltr'>Capones</span> <span class='ocrx_word' id='word_1_20' title='bbox 800 547 898 591; x_wconf 84' lang='lat' dir='ltr'>duo.</span> 
     </span>
    </p>
   </div>
   <div class='ocr_carea' id='block_1_6' title="bbox 239 619 1185 1438">
    <p class='ocr_par' dir='ltr' id='par_1_6' title="bbox 239 619 1185 1341">
     <span class='ocr_line' id='line_1_8' title="bbox 246 619 974 706; baseline -0.001 -11"><span class='ocrx_word' id='word_1_21' title='bbox 246 619 298 696; x_wconf 71' lang='lat' dir='ltr'>S</span> <span class='ocrx_word' id='word_1_22' title='bbox 315 672 331 695; x_wconf 91' lang='lat'><strong>1</strong></span> <span class='ocrx_word' id='word_1_23' title='bbox 343 671 377 695; x_wconf 89' lang='lat' dir='ltr'>M</span> <span class='ocrx_word' id='word_1_24' title='bbox 389 671 416 695; x_wconf 87' lang='lat' dir='ltr'>U</span> <span class='ocrx_word' id='word_1_25' title='bbox 430 671 450 695; x_wconf 84' lang='lat' dir='ltr'>L</span> <span class='ocrx_word' id='word_1_26' title='bbox 468 663 630 706; x_wconf 84' lang='lat' dir='ltr'>Capones</span> <span class='ocrx_word' id='word_1_27' title='bbox 646 660 889 695; x_wconf 85' lang='lat' dir='ltr'>nutriebantur</span> <span class='ocrx_word' id='word_1_28' title='bbox 904 662 974 695; x_wconf 90' lang='lat' dir='ltr'>duo</span> 
     </span>
     <span class='ocr_line' id='line_1_9' title="bbox 241 710 1091 752; baseline 0.001 -8"><span class='ocrx_word' id='word_1_29' title='bbox 241 712 283 744; x_wconf 88' lang='lat' dir='ltr'>In</span> <span class='ocrx_word' id='word_1_30' title='bbox 300 712 490 744; x_wconf 83' lang='lat' dir='ltr'>ornithone</span> <span class='ocrx_word' id='word_1_31' title='bbox 507 710 633 744; x_wconf 86' lang='lat' dir='ltr'>inclusi</span> <span class='ocrx_word' id='word_1_32' title='bbox 650 723 659 748; x_wconf 91' lang='lat'>·,</span> <span class='ocrx_word' id='word_1_33' title='bbox 678 720 712 743; x_wconf 88' lang='lat' dir='ltr'>at</span> <span class='ocrx_word' id='word_1_34' title='bbox 727 711 888 743; x_wconf 80' lang='lat' dir='ltr'>horridus</span> <span class='ocrx_word' id='word_1_35' title='bbox 899 736 909 752; x_wconf 84' lang='lat'>,</span> <span class='ocrx_word' id='word_1_36' title='bbox 927 711 961 743; x_wconf 73' lang='grc' dir='ltr'>δε</span> <span class='ocrx_word' id='word_1_37' title='bbox 976 721 1091 745; x_wconf 84' lang='lat' dir='ltr'>macer</span> 
     </span>
     <span class='ocr_line' id='line_1_10' title="bbox 242 758 1040 804; baseline 0 -11"><span class='ocrx_word' id='word_1_38' title='bbox 242 760 443 804; x_wconf 73' lang='lat' dir='ltr'>Languebat</span> <span class='ocrx_word' id='word_1_39' title='bbox 458 770 548 792; x_wconf 89' lang='lat' dir='ltr'>unus</span> <span class='ocrx_word' id='word_1_40' title='bbox 566 771 576 797; x_wconf 90' lang='lat'>·‚</span> <span class='ocrx_word' id='word_1_41' title='bbox 593 758 734 803; x_wconf 88' lang='lat' dir='ltr'>pinguis</span> <span class='ocrx_word' id='word_1_42' title='bbox 751 759 837 791; x_wconf 71' lang='lat' dir='ltr'>alter</span> <span class='ocrx_word' id='word_1_43' title='bbox 851 785 860 799; x_wconf 90' lang='lat'>‚</span> <span class='ocrx_word' id='word_1_44' title='bbox 878 760 912 792; x_wconf 72' lang='grc' dir='ltr'>δε</span> <span class='ocrx_word' id='word_1_45' title='bbox 924 760 1040 793; x_wconf 86' lang='lat' dir='ltr'>nitens</span> 
     </span>
     <span class='ocr_line' id='line_1_11' title="bbox 240 808 1038 851; baseline 0 -10"><span class='ocrx_word' id='word_1_46' title='bbox 240 809 347 841; x_wconf 75' lang='lat' dir='ltr'>Suam</span> <span class='ocrx_word' id='word_1_47' title='bbox 364 808 510 849; x_wconf 55' lang='lat' dir='ltr'>jactabat</span> <span class='ocrx_word' id='word_1_48' title='bbox 523 808 674 851; x_wconf 89' lang='lat' dir='ltr'>speciem</span> <span class='ocrx_word' id='word_1_49' title='bbox 686 833 695 848; x_wconf 85' lang='lat'>,</span> <span class='ocrx_word' id='word_1_50' title='bbox 713 808 747 840; x_wconf 71' lang='grc' dir='ltr'>ὅ(</span> <span class='ocrx_word' id='word_1_51' title='bbox 762 808 1017 851; x_wconf 73' lang='lat' dir='ltr'>corpulentiam</span> <span class='ocrx_word' id='word_1_52' title='bbox 1028 834 1038 850; x_wconf 92' lang='lat'>‚</span> 
     </span>
     <span class='ocr_line' id='line_1_12' title="bbox 241 856 1081 902; baseline -0.001 -12"><span class='ocrx_word' id='word_1_53' title='bbox 241 858 456 901; x_wconf 85' lang='lat' dir='ltr'>Sociumque</span> <span class='ocrx_word' id='word_1_54' title='bbox 473 869 544 900; x_wconf 81' lang='lat' dir='ltr'>prae</span> <span class='ocrx_word' id='word_1_55' title='bbox 561 856 595 889; x_wconf 91' lang='lat' dir='ltr'>se</span> <span class='ocrx_word' id='word_1_56' title='bbox 611 857 879 890; x_wconf 86' lang='lat' dir='ltr'>contemnebat:</span> <span class='ocrx_word' id='word_1_57' title='bbox 896 857 929 890; x_wconf 86' lang='lat'>&amp;</span> <span class='ocrx_word' id='word_1_58' title='bbox 942 856 1081 902; x_wconf 83' lang='lat' dir='ltr'>probris</span> 
     </span>
     <span class='ocr_line' id='line_1_13' title="bbox 240 903 924 950; baseline 0 -11"><span class='ocrx_word' id='word_1_59' title='bbox 240 907 357 950; x_wconf 81' lang='lat' dir='ltr'>Atque</span> <span class='ocrx_word' id='word_1_60' title='bbox 375 905 566 938; x_wconf 63' lang='lat' dir='ltr'>malediStis</span> <span class='ocrx_word' id='word_1_61' title='bbox 581 916 654 938; x_wconf 92' lang='lat' dir='ltr'>non</span> <span class='ocrx_word' id='word_1_62' title='bbox 666 907 763 938; x_wconf 83' lang='lat' dir='ltr'>leves</span> <span class='ocrx_word' id='word_1_63' title='bbox 780 903 924 946; x_wconf 85' lang='lat' dir='ltr'>injurias</span> 
     </span>
     <span class='ocr_line' id='line_1_14' title="bbox 239 953 1136 999; baseline 0.001 -11"><span class='ocrx_word' id='word_1_64' title='bbox 239 956 354 999; x_wconf 82' lang='lat' dir='ltr'>Super</span> <span class='ocrx_word' id='word_1_65' title='bbox 370 955 477 988; x_wconf 83' lang='lat' dir='ltr'>etiam</span> <span class='ocrx_word' id='word_1_66' title='bbox 494 954 588 987; x_wconf 85' lang='lat' dir='ltr'>addit</span> <span class='ocrx_word' id='word_1_67' title='bbox 606 967 615 992; x_wconf 93' lang='lat'>·‚</span> <span class='ocrx_word' id='word_1_68' title='bbox 637 954 935 999; x_wconf 86' lang='lat' dir='ltr'>innocentemque</span> <span class='ocrx_word' id='word_1_69' title='bbox 952 953 1136 999; x_wconf 85' lang='lat' dir='ltr'>opprimit.</span> 
     </span>
     <span class='ocr_line' id='line_1_15' title="bbox 240 1003 1030 1042; baseline 0 -5"><span class='ocrx_word' id='word_1_70' title='bbox 240 1004 376 1037; x_wconf 76' lang='lat' dir='ltr'>Interea</span> <span class='ocrx_word' id='word_1_71' title='bbox 392 1004 539 1036; x_wconf 74' lang='lat' dir='ltr'>herilem</span> <span class='ocrx_word' id='word_1_72' title='bbox 555 1003 688 1036; x_wconf 81' lang='lat' dir='ltr'>amicus</span> <span class='ocrx_word' id='word_1_73' title='bbox 702 1003 844 1036; x_wconf 84' lang='lat' dir='ltr'>advenit</span> <span class='ocrx_word' id='word_1_74' title='bbox 860 1005 1005 1037; x_wconf 87' lang='lat' dir='ltr'>domum</span> <span class='ocrx_word' id='word_1_75' title='bbox 1020 1016 1030 1042; x_wconf 87' lang='lat'>·‚</span> 
     </span>
     <span class='ocr_line' id='line_1_16' title="bbox 241 1052 889 1096; baseline -0.002 -10"><span class='ocrx_word' id='word_1_76' title='bbox 241 1053 292 1086; x_wconf 83' lang='lat' dir='ltr'>Ac</span> <span class='ocrx_word' id='word_1_77' title='bbox 307 1053 472 1086; x_wconf 77' lang='lat' dir='ltr'>delicatas</span> <span class='ocrx_word' id='word_1_78' title='bbox 486 1052 555 1096; x_wconf 86' lang='lat' dir='ltr'>ipsi</span> <span class='ocrx_word' id='word_1_79' title='bbox 572 1052 649 1085; x_wconf 76' lang='lat' dir='ltr'>cum</span> <span class='ocrx_word' id='word_1_80' title='bbox 667 1054 769 1096; x_wconf 85' lang='lat' dir='ltr'>dapes</span> <span class='ocrx_word' id='word_1_81' title='bbox 785 1053 889 1085; x_wconf 89' lang='lat' dir='ltr'>herus</span> 
     </span>
     <span class='ocr_line' id='line_1_17' title="bbox 242 1101 1102 1146; baseline 0.001 -12"><span class='ocrx_word' id='word_1_82' title='bbox 242 1103 431 1146; x_wconf 77' lang='lat' dir='ltr'>Apponere</span> <span class='ocrx_word' id='word_1_83' title='bbox 446 1103 555 1134; x_wconf 83' lang='lat' dir='ltr'>vellet</span> <span class='ocrx_word' id='word_1_84' title='bbox 568 1127 578 1142; x_wconf 82' lang='lat'>,</span> <span class='ocrx_word' id='word_1_85' title='bbox 593 1101 761 1146; x_wconf 82' lang='lat' dir='ltr'>pinguem</span> <span class='ocrx_word' id='word_1_86' title='bbox 780 1103 960 1144; x_wconf 82' lang='lat' dir='ltr'>Caponem</span> <span class='ocrx_word' id='word_1_87' title='bbox 975 1111 1078 1135; x_wconf 88' lang='lat' dir='ltr'>necat</span> <span class='ocrx_word' id='word_1_88' title='bbox 1090 1127 1102 1143; x_wconf 83' lang='grc'><strong>.</strong></span> 
     </span>
     <span class='ocr_line' id='line_1_18' title="bbox 242 1149 1088 1194; baseline 0 -11"><span class='ocrx_word' id='word_1_89' title='bbox 242 1151 403 1183; x_wconf 80' lang='lat' dir='ltr'>Macrum</span> <span class='ocrx_word' id='word_1_90' title='bbox 420 1150 587 1194; x_wconf 80' lang='lat' dir='ltr'>relinquit</span> <span class='ocrx_word' id='word_1_91' title='bbox 601 1162 610 1187; x_wconf 93' lang='lat'>·‚</span> <span class='ocrx_word' id='word_1_92' title='bbox 627 1150 762 1183; x_wconf 86' lang='lat' dir='ltr'>socium</span> <span class='ocrx_word' id='word_1_93' title='bbox 779 1150 840 1194; x_wconf 85' lang='lat' dir='ltr'>qui</span> <span class='ocrx_word' id='word_1_94' title='bbox 852 1149 951 1183; x_wconf 85' lang='lat' dir='ltr'>suum</span> <span class='ocrx_word' id='word_1_95' title='bbox 963 1150 1088 1184; x_wconf 79' lang='lat' dir='ltr'>videns</span> 
     </span>
     <span class='ocr_line' id='line_1_19' title="bbox 242 1197 1185 1243; baseline 0.001 -12"><span class='ocrx_word' id='word_1_96' title='bbox 242 1199 333 1232; x_wconf 67' lang='lat' dir='ltr'>Cum</span> <span class='ocrx_word' id='word_1_97' title='bbox 350 1199 580 1242; x_wconf 84' lang='lat' dir='ltr'>perimeretur</span> <span class='ocrx_word' id='word_1_98' title='bbox 597 1210 605 1231; x_wconf 88' lang='lat'>:</span> <span class='ocrx_word' id='word_1_99' title='bbox 619 1199 721 1231; x_wconf 90' lang='lat' dir='ltr'>Nunc</span> <span class='ocrx_word' id='word_1_100' title='bbox 735 1209 802 1242; x_wconf 86' lang='lat' dir='ltr'>ego</span> <span class='ocrx_word' id='word_1_101' title='bbox 814 1224 823 1239; x_wconf 85' lang='lat'>,</span> <span class='ocrx_word' id='word_1_102' title='bbox 840 1198 956 1242; x_wconf 89' lang='lat' dir='ltr'>inquit</span> <span class='ocrx_word' id='word_1_103' title='bbox 971 1224 979 1239; x_wconf 86' lang='lat'><strong><em>,</em></strong></span> <span class='ocrx_word' id='word_1_104' title='bbox 996 1210 1063 1243; x_wconf 87' lang='lat' dir='ltr'>ego</span> <span class='ocrx_word' id='word_1_105' title='bbox 1080 1197 1185 1232; x_wconf 84' lang='lat' dir='ltr'>miser</span> 
     </span>
     <span class='ocr_line' id='line_1_20' title="bbox 241 1247 1038 1291; baseline 0.001 -11"><span class='ocrx_word' id='word_1_106' title='bbox 241 1249 293 1280; x_wconf 86' lang='lat' dir='ltr'>Te</span> <span class='ocrx_word' id='word_1_107' title='bbox 310 1248 528 1280; x_wconf 84' lang='lat' dir='ltr'>miseriorem</span> <span class='ocrx_word' id='word_1_108' title='bbox 547 1247 654 1280; x_wconf 76' lang='lat' dir='ltr'>video</span> <span class='ocrx_word' id='word_1_109' title='bbox 671 1248 811 1280; x_wconf 83' lang='lat' dir='ltr'>tandem</span> <span class='ocrx_word' id='word_1_110' title='bbox 826 1272 835 1286; x_wconf 87' lang='lat'><strong>‚</strong></span> <span class='ocrx_word' id='word_1_111' title='bbox 852 1247 914 1291; x_wconf 87' lang='lat' dir='ltr'>qui</span> <span class='ocrx_word' id='word_1_112' title='bbox 930 1247 1038 1281; x_wconf 78' lang='lat' dir='ltr'>modo</span> 
     </span>
     <span class='ocr_line' id='line_1_21' title="bbox 242 1295 970 1341; baseline 0 -12"><span class='ocrx_word' id='word_1_113' title='bbox 242 1296 370 1329; x_wconf 87' lang='lat' dir='ltr'>Beatus</span> <span class='ocrx_word' id='word_1_114' title='bbox 386 1322 395 1337; x_wconf 68' lang='lat'>,</span> <span class='ocrx_word' id='word_1_115' title='bbox 412 1307 649 1341; x_wconf 82' lang='lat' dir='ltr'>arrogansque</span> <span class='ocrx_word' id='word_1_116' title='bbox 666 1295 853 1328; x_wconf 66' lang='lat' dir='ltr'>insultabas</span> <span class='ocrx_word' id='word_1_117' title='bbox 870 1295 970 1330; x_wconf 87' lang='lat' dir='ltr'>mihi.</span> 
     </span>
    </p>

    <p class='ocr_par' dir='ltr' id='par_1_7' title="bbox 240 1343 1146 1438">
     <span class='ocr_line' id='line_1_22' title="bbox 290 1343 1146 1388; baseline 0.001 -11"><span class='ocrx_word' id='word_1_118' title='bbox 290 1346 429 1378; x_wconf 65' lang='lat' dir='ltr'>Sortem</span> <span class='ocrx_word' id='word_1_119' title='bbox 446 1344 690 1388; x_wconf 75' lang='lat' dir='ltr'>improborum</span> <span class='ocrx_word' id='word_1_120' title='bbox 706 1343 810 1377; x_wconf 76' lang='lat' dir='ltr'>suffer</span> <span class='ocrx_word' id='word_1_121' title='bbox 824 1370 833 1385; x_wconf 87' lang='lat'>,</span> <span class='ocrx_word' id='word_1_122' title='bbox 851 1355 940 1388; x_wconf 83' lang='lat' dir='ltr'>quos</span> <span class='ocrx_word' id='word_1_123' title='bbox 958 1344 1059 1377; x_wconf 78' lang='lat' dir='ltr'>donis</span> <span class='ocrx_word' id='word_1_124' title='bbox 1075 1344 1146 1378; x_wconf 73' lang='lat' dir='ltr'>suis</span> 
     </span>
     <span class='ocr_line' id='line_1_23' title="bbox 240 1392 1086 1438; baseline -0.001 -10"><span class='ocrx_word' id='word_1_125' title='bbox 240 1395 395 1428; x_wconf 74' lang='lat' dir='ltr'>Fortuna</span> <span class='ocrx_word' id='word_1_126' title='bbox 408 1395 561 1427; x_wconf 79' lang='lat' dir='ltr'>cumulat</span> <span class='ocrx_word' id='word_1_127' title='bbox 577 1406 584 1426; x_wconf 89' lang='lat'>:</span> <span class='ocrx_word' id='word_1_128' title='bbox 602 1394 667 1427; x_wconf 84' lang='lat' dir='ltr'>hos</span> <span class='ocrx_word' id='word_1_129' title='bbox 684 1393 815 1438; x_wconf 80' lang='lat' dir='ltr'>saginat</span> <span class='ocrx_word' id='word_1_130' title='bbox 830 1419 839 1433; x_wconf 81' lang='grc'><em>,</em></span> <span class='ocrx_word' id='word_1_131' title='bbox 857 1403 896 1426; x_wconf 88' lang='lat' dir='ltr'>ut</span> <span class='ocrx_word' id='word_1_132' title='bbox 913 1392 1086 1428; x_wconf 79' lang='lat' dir='ltr'>immolet.</span> 
     </span>
    </p>
   </div>
   <div class='ocr_carea' id='block_1_7' title="bbox 833 1500 1068 1518">
    <p class='ocr_par' dir='ltr' id='par_1_8' title="bbox 833 1500 1068 1518">
     <span class='ocr_line' id='line_1_24' title="bbox 833 1500 1068 1518; baseline 0 849"><span class='ocrx_word' id='word_1_133' title='bbox 833 1500 1068 1518; x_wconf 95' lang='lat' dir='ltr'> </span> 
     </span>
    </p>
   </div>
   <div class='ocr_carea' id='block_1_8' title="bbox 373 1482 825 1524">
    <p class='ocr_par' dir='ltr' id='par_1_9' title="bbox 373 1482 825 1524">
     <span class='ocr_line' id='line_1_25' title="bbox 373 1482 825 1524; baseline -0.007 -5"><span class='ocrx_word' id='word_1_134' title='bbox 373 1490 688 1524; x_wconf 48' lang='lat' dir='ltr'>‹ssss—:ffi</span> <span class='ocrx_word' id='word_1_135' title='bbox 702 1482 825 1522; x_wconf 43' lang='lat'>&#39;⁴⁶23</span> 
     </span>
    </p>
   </div>
   <div class='ocr_carea' id='block_1_9' title="bbox 435 1579 1037 1721">
    <p class='ocr_par' dir='ltr' id='par_1_10' title="bbox 435 1579 1037 1721">
     <span class='ocr_line' id='line_1_26' title="bbox 435 1579 1037 1627; baseline 0 -1"><span class='ocrx_word' id='word_1_136' title='bbox 435 1583 466 1626; x_wconf 85' lang='lat' dir='ltr'><strong>F</strong></span> <span class='ocrx_word' id='word_1_137' title='bbox 502 1581 541 1625; x_wconf 85' lang='lat' dir='ltr'><strong>A</strong></span> <span class='ocrx_word' id='word_1_138' title='bbox 577 1582 608 1626; x_wconf 86' lang='lat' dir='ltr'>B</span> <span class='ocrx_word' id='word_1_139' title='bbox 645 1581 690 1626; x_wconf 90' lang='lat' dir='ltr'>U</span> <span class='ocrx_word' id='word_1_140' title='bbox 726 1581 761 1625; x_wconf 88' lang='lat' dir='ltr'>L</span> <span class='ocrx_word' id='word_1_141' title='bbox 796 1581 835 1625; x_wconf 89' lang='lat' dir='ltr'><strong>A</strong></span> <span class='ocrx_word' id='word_1_142' title='bbox 903 1579 952 1626; x_wconf 91' lang='lat' dir='ltr'><strong>X</strong></span> <span class='ocrx_word' id='word_1_143' title='bbox 985 1581 1037 1627; x_wconf 84' lang='lat' dir='ltr'>L.</span> 
     </span>
     <span class='ocr_line' id='line_1_27' title="bbox 492 1673 975 1721; baseline -0.002 0"><span class='ocrx_word' id='word_1_144' title='bbox 492 1679 668 1721; x_wconf 71' lang='lat' dir='ltr'>Aranca</span> <span class='ocrx_word' id='word_1_145' title='bbox 697 1673 739 1720; x_wconf 65' lang='grc' dir='ltr'>δ’</span> <span class='ocrx_word' id='word_1_146' title='bbox 766 1674 975 1720; x_wconf 73' lang='lat' dir='ltr'>Hirzmdo.</span> 
     </span>
    </p>
   </div>
   <div class='ocr_carea' id='block_1_10' title="bbox 207 1751 1225 1985">
    <p class='ocr_par' dir='ltr' id='par_1_11' title="bbox 207 1751 1225 1985">
     <span class='ocr_line' id='line_1_28' title="bbox 264 1762 278 1787; baseline 0 0"><span class='ocrx_word' id='word_1_147' title='bbox 264 1762 278 1787; x_wconf 76' lang='lat' dir='ltr'>t</span> 
     </span>
     <span class='ocr_line' id='line_1_29' title="bbox 239 1751 1200 1836; baseline -0.002 -9"><span class='ocrx_word' id='word_1_148' title='bbox 239 1751 330 1828; x_wconf 41' lang='grc' dir='ltr'>,ἑὲ-</span> <span class='ocrx_word' id='word_1_149' title='bbox 342 1802 366 1825; x_wconf 82' lang='lat' dir='ltr'>R</span> <span class='ocrx_word' id='word_1_150' title='bbox 378 1801 403 1824; x_wconf 78' lang='lat' dir='ltr'>A</span> <span class='ocrx_word' id='word_1_151' title='bbox 416 1802 440 1824; x_wconf 78' lang='lat' dir='ltr'>N</span> <span class='ocrx_word' id='word_1_152' title='bbox 454 1801 475 1825; x_wconf 79' lang='lat' dir='ltr'>E</span> <span class='ocrx_word' id='word_1_153' title='bbox 489 1800 513 1824; x_wconf 78' lang='grc' dir='ltr'><strong>Α</strong></span> <span class='ocrx_word' id='word_1_154' title='bbox 531 1791 706 1836; x_wconf 77' lang='lat' dir='ltr'>quondam</span> <span class='ocrx_word' id='word_1_155' title='bbox 723 1790 897 1824; x_wconf 77' lang='lat' dir='ltr'>exarserat</span> <span class='ocrx_word' id='word_1_156' title='bbox 913 1789 951 1823; x_wconf 89' lang='lat' dir='ltr'>in</span> <span class='ocrx_word' id='word_1_157' title='bbox 966 1789 1200 1825; x_wconf 78' lang='lat' dir='ltr'>Hirundinem</span> 
     </span>
     <span class='ocr_line' id='line_1_30' title="bbox 207 1840 1225 1884; baseline -0.006 -8"><span class='ocrx_word' id='word_1_158' title='bbox 207 1862 209 1864; x_wconf 89' lang='lat'><em>-</em></span> <span class='ocrx_word' id='word_1_159' title='bbox 239 1844 331 1876; x_wconf 86' lang='lat' dir='ltr'>Irata</span> <span class='ocrx_word' id='word_1_160' title='bbox 348 1868 356 1881; x_wconf 86' lang='lat'><strong>‚</strong></span> <span class='ocrx_word' id='word_1_161' title='bbox 373 1841 506 1874; x_wconf 85' lang='lat' dir='ltr'>muscas</span> <span class='ocrx_word' id='word_1_162' title='bbox 522 1867 531 1881; x_wconf 85' lang='lat'>,</span> <span class='ocrx_word' id='word_1_163' title='bbox 548 1840 620 1883; x_wconf 82' lang='lat' dir='ltr'>ipsa</span> <span class='ocrx_word' id='word_1_164' title='bbox 635 1840 729 1873; x_wconf 80' lang='lat' dir='ltr'>vesci</span> <span class='ocrx_word' id='word_1_165' title='bbox 745 1851 830 1884; x_wconf 83' lang='lat' dir='ltr'>quas</span> <span class='ocrx_word' id='word_1_166' title='bbox 846 1840 935 1873; x_wconf 92' lang='lat' dir='ltr'>solet</span> <span class='ocrx_word' id='word_1_167' title='bbox 949 1865 959 1881; x_wconf 87' lang='lat'><strong>‚</strong></span> <span class='ocrx_word' id='word_1_168' title='bbox 1223 1845 1225 1847; x_wconf 83' lang='grc'><strong>’</strong></span> 
     </span>
     <span class='ocr_line' id='line_1_31' title="bbox 241 1888 932 1933; baseline -0.001 -11"><span class='ocrx_word' id='word_1_169' title='bbox 241 1890 349 1933; x_wconf 78' lang='lat' dir='ltr'>Quod</span> <span class='ocrx_word' id='word_1_170' title='bbox 367 1890 424 1922; x_wconf 72' lang='lat' dir='ltr'>illa</span> <span class='ocrx_word' id='word_1_171' title='bbox 441 1899 578 1933; x_wconf 76' lang='lat' dir='ltr'>caperet</span> <span class='ocrx_word' id='word_1_172' title='bbox 595 1900 655 1922; x_wconf 79' lang='lat' dir='ltr'>ore</span> <span class='ocrx_word' id='word_1_173' title='bbox 672 1888 781 1921; x_wconf 85' lang='lat' dir='ltr'>furaci</span> <span class='ocrx_word' id='word_1_174' title='bbox 794 1890 932 1921; x_wconf 76' lang='lat' dir='ltr'>volans.</span> 
     </span>
     <span class='ocr_line' id='line_1_32' title="bbox 239 1936 988 1985; baseline -0.004 -12"><span class='ocrx_word' id='word_1_175' title='bbox 239 1940 332 1985; x_wconf 68' lang='lat' dir='ltr'>lisgo</span> <span class='ocrx_word' id='word_1_176' title='bbox 346 1938 510 1973; x_wconf 52' lang='lat' dir='ltr'>vindictae</span> <span class='ocrx_word' id='word_1_177' title='bbox 525 1937 649 1983; x_wconf 82' lang='lat' dir='ltr'>cupida</span> <span class='ocrx_word' id='word_1_178' title='bbox 659 1963 669 1981; x_wconf 88' lang='lat'>,</span> <span class='ocrx_word' id='word_1_179' title='bbox 685 1948 747 1971; x_wconf 87' lang='lat' dir='ltr'>nec</span> <span class='ocrx_word' id='word_1_180' title='bbox 759 1962 769 1979; x_wconf 93' lang='lat'>,</span> <span class='ocrx_word' id='word_1_181' title='bbox 783 1948 837 1971; x_wconf 86' lang='lat' dir='ltr'>res</span> <span class='ocrx_word' id='word_1_182' title='bbox 854 1936 988 1971; x_wconf 81' lang='lat' dir='ltr'>exitum</span> 
     </span>
    </p>
   </div>
  </div>
 </body>
</html>
