1225 2367
172 138 264 185 342
333 127 479 168 ΓΑΒ.
514 124 1001 170 AESOPIARUM

178 204 1142 251 ssaessssffffi=mv

352 290 756 336 FABULA
839 289 981 337 XX.

521 383 626 428 Mus
648 397 811 444 captus.

173 454 285 532 M
298 507 321 531 A
335 507 354 530 L
367 507 389 530 Ε
408 497 593 532 obsecutus
607 498 735 531 blando
752 497 939 542 muscipuli
955 499 1040 534 dolo

173 547 258 580 Mus
275 547 474 580 libertatem
491 547 651 580 amiserat
666 547 763 580 suam
777 561 786 580 :
802 559 944 593 gemens
956 574 965 588 ‚

174 596 405 640 Lugensque,
420 595 449 629 si
464 595 532 639 qua
549 594 622 629 fors
637 595 697 628 via
715 597 829 639 possit
844 596 963 641 fugam

174 644 328 677 Tentare
343 669 352 685 ‚
366 643 502 688 quaerit.
521 644 649 677 Radius
662 669 671 684 ‚
687 644 791 677 exilis
809 644 949 688 quidem
963 669 972 685 ‚

175 693 223 725 At
238 693 369 726 ferreus
381 719 389 733 ,
405 692 514 726 obstat
528 703 630 726 unus.
646 691 741 735 Quid
755 693 768 726 ἓ
784 693 867 737 quid
878 718 888 734 ‚
901 693 930 726 s'i
948 691 1036 727 meis

178 740 349 774 Connitar
362 767 370 781 ‚
388 740 522 785 inquit,
538 741 630 774 hunc
647 750 794 774 atterere
810 740 970 775 dentibus
985 742 998 775 ἒ

176 789 258 822 Heu
271 792 277 822 !
290 798 430 827 metuo,
449 799 492 821 ne
509 788 603 832 prius
621 787 693 832 ipse
710 789 830 822 dentes
846 799 1041 824 conteram.

177 837 287 883 Ligna
299 862 308 878 ,
325 847 429 870 nuces
440 862 449 876 ,
469 836 521 870 illi
538 835 660 881 saepius
676 846 714 870 ut
731 837 942 871 corroserint
957 862 966 878 ‚

177 887 282 919 Nunc
301 885 334 918 ὃ(
353 886 538 918 corrodere
554 884 683 918 ferrum
699 896 770 930 quo
786 886 928 919 valeant
941 885 1047 920 modo
1062 887 1080 922 ἓ

177 933 342 967 Difficilis
360 944 467 977 opera
482 932 587 967 nimis
604 933 662 968 est.
680 933 850 978 Experiar
864 944 993 968 tamen.

178 982 286 1016 Dixit
300 994 309 1019 ·,
326 982 500 1026 simulque
516 982 652 1016 radium
668 982 776 1016 iratus
793 981 940 1026 adspicit
953 1007 963 1022 ,

179 1030 361 1075 Simulque
378 1030 532 1064 medium
548 1030 813 1075 comprehendit
828 1030 1005 1065 mordicus
1016 1055 1027 1073 ,

132 1102 138 1109 .
177 1079 326 1123 Ieiuque
342 1080 490 1113 tundens
505 1079 601 1113 tenui
612 1105 620 1120 ‚
636 1080 694 1113 sed
709 1079 920 1113 creberrimo

178 1128 436 1172 Acerrimoque
452 1154 461 1168 ,
483 1127 739 1161 circumrodere
755 1127 894 1171 incipit.

180 1177 276 1210 Ferri
293 1176 434 1220 quidem
449 1176 605 1220 percussa
619 1187 690 1209 tam
706 1176 917 1219 perennibus

181 1225 296 1270 Plagis
311 1225 466 1258 soliditas
479 1224 620 1263 tinnulo
638 1224 773 1268 crepitu
789 1225 912 1262 sonat·‚

181 1274 229 1306 At
246 1274 318 1316 ipsa
333 1273 445 1306 minui
462 1273 510 1306 nil
524 1273 664 1306 videtur
678 1286 684 1305 :
703 1274 773 1307 'noc
787 1272 885 1306 videt

181 1322 305 1356 Tristis
317 1348 325 1362 ‚
343 1333 407 1355 nec
423 1321 502 1355 ideo
518 1322 601 1354 Mus
618 1321 849 1355 desistendum
861 1330 985 1365 putav,

182 1372 298 1405 Immo
312 1371 353 1403 ad
365 1371 522 1404 laborem
538 1370 573 1403 se
589 1370 694 1403 refert
708 1370 926 1408 animosior3

183 1420 410 1463 Tandemque
425 1445 433 1459 ‚
450 1418 633 1463 postquam
650 1418 697 1451 est
712 1417 907 1452 innumeris
925 1416 1107 1452 conatibus

185 1468 301 1503 Petita
314 1467 396 1501 ferri
409 1467 553 1500 durities
565 1493 575 1507 ,
587 1468 675 1500 hanc
691 1466 858 1510 perspicit

186 1517 270 1549 Non
283 1515 349 1549 effe
364 1515 472 1549 acutis
488 1516 647 1548 dentibus
664 1514 908 1547 inviolabilem
927 1527 936 1548 ι

186 1565 334 1598 Violare
350 1563 464 1607 pergit
479 1576 486 1596 z
502 1563 615 1596 radius
632 1563 790 1596 atteritur
804 1562 916 1606 magis

186 1612 375 1657 Magisque
390 1625 398 1645 :
415 1613 447 1644 &
464 1612 533 1654 ipsi
549 1613 668 1644 dentes
686 1621 899 1652 atteruntur,
913 1619 949 1643 at

186 1662 271 1695 Non
289 1670 517 1694 conteruntur
532 1672 542 1698 ¹,
557 1660 667 1692 immo
683 1658 723 1692 fit
739 1659 899 1692 subtilior

186 1708 292 1743 Acies
306 1720 431 1743 eorum
446 1720 454 1742 z
472 1719 550 1752 pars
567 1709 705 1741 demum
723 1707 781 1740 illa
795 1732 804 1747 ‚
823 1718 898 1751 quae
916 1706 1022 1741 semel

190 1757 342 1792 Cori-odi
358 1767 474 1801 coepta
490 1756 537 1790 est
548 1783 557 1797 ‚
572 1757 770 1800 usqueadeo
788 1755 1007 1795 corroditur,

188 1808 315 1841 Donec
332 1805 465 1839 redacta
480 1805 527 1838 est
543 1806 583 1838 ad
596 1805 754 1849 fragilem
771 1802 969 1837 minutiam.

190 1855 298 1897 Quod
311 1854 588 1887 animadvertens
600 1879 609 1894 ‚
629 1853 770 1886 concito
788 1853 869 1884 Mus
885 1851 1020 1894 impetu

189 1904 232 1938 In
245 1903 379 1938 radium
392 1903 464 1950 agit
476 1904 511 1938 se
522 1928 533 1946 ,
547 1903 580 1937 &
596 1903 691 1949 cogit
704 1900 836 1937 inflecti
850 1925 860 1944 ,
878 1900 911 1935 ὃ(
926 1898 1023 1934 viam
