1268 2361
265 118 498 164 LIBER
551 127 864 163 PRIMUS.
1001 128 1058 176 17

74 200 214 242 Meme,
226 199 341 245 inquit
357 201 442 234 alter
452 225 462 241 ‚
475 210 596 233 enecas
611 211 619 233 ε
637 199 733 243 quod
749 197 863 243 arguis
873 221 884 240 ,

75 249 213 282 Ferrem
228 249 395 290 libenter,
410 250 440 282 si
456 249 543 282 meis
560 247 660 281 malis
677 248 781 280 simul

75 297 187 330 Dares
202 298 371 330 medelam
386 310 395 335 ·‚
412 298 469 330 sed
485 297 572 330 nihil
589 307 627 329 tu
644 295 722 329 cum
739 306 846 340 queas

75 344 236 379 Prodeffe
250 357 261 384 ¹,
278 346 380 387 dure,
393 357 454 378 cur
469 345 539 378 tuis
556 356 668 378 meam
685 344 827 387 insuper

76 393 176 426 Hanc
192 394 423 427 calamitatem
439 393 620 437 exasperas
637 392 810 426 conviciis
824 393 838 426 ?

124 442 177 475 Ne
195 442 394 475 monitione
410 442 528 475 inutili
545 442 709 475 miserum
726 441 905 485 increpes,

76 489 210 524 Fabella
226 492 388 534 prohihet
405 491 549 524 nomine
566 492 654 531 hoc,
667 489 749 534 quia
763 489 811 523 est
827 489 943 524 miser.

207 567 932 617 ·ss———-—=3,‘4{*eh‡÷-—-2·

227 655 588 701 FABULA
654 654 916 702 XVIII.

369 752 492 797 Aries
523 749 566 798 G*
593 752 774 798 Taurus.

74 826 152 904 ,IN
170 876 196 901 Α
207 875 232 901 τ
243 875 271 901 U
283 875 309 900 R
320 874 346 900 A
364 866 471 901 tantis
487 867 622 901 viribus
640 867 839 901 muniverat

75 915 206 950 Arietis
222 926 345 960 caput,
359 927 622 960 armaveratque
638 926 709 949 tam
726 916 827 950 bonis

78 964 251 999 Cornibus
263 990 274 1006 ‚
285 973 326 997 ut
341 976 465 998 omnes
481 965 656 1009 lanigeros
673 965 764 998 inter
780 974 902 1010 greges

77 1013 252 1058 Regnaret
267 1024 358 1046 unus
373 1025 382 1050 ·‚
402 1014 436 1046 &
452 1013 540 1047 aries
558 1024 755 1047 occurreret

76 1062 153 1096 Jam
170 1063 308 1103 nullus,
320 1061 390 1105 ipsi
405 1061 517 1105 poffet
534 1062 594 1106 qui
611 1062 779 1096 resistere.

77 1110 194 1144 Elatus
212 1121 297 1155 ergo
315 1120 370 1143 tot
387 1111 456 1143 suis
474 1110 635 1143 vistoriis
647 1137 656 1151 ‚

77 1159 232 1192 Taurum
248 1158 354 1192 etiam
371 1158 492 1191 stultus
510 1160 551 1192 ad
566 1169 740 1192 certamen
757 1168 953 1203 provocat,

77 1207 260 1251 Simulque
277 1207 422 1244 arietat3
441 1208 475 1239 ἃ
491 1207 705 1251 repercuss'm
724 1208 828 1241 simul

78 1255 232 1288 Taurina
249 1256 364 1288 fronte
375 1281 385 1296 ,
401 1266 561 1298 campum
578 1256 723 1288 metitur
739 1256 853 1295 jacem
868 1269 877 1288 :

79 1304 302 1337 Tunc'fenne
319 1303 491 1336 exanimis
503 1329 513 1344 ,
526 1303 702 1347 pristinam
720 1303 915 1348 superbiam

79 1351 275 1385 Damnavit
291 1351 363 1395 ipse
375 1377 384 1393 ‚
398 1352 432 1384 δί
445 1352 532 1384 hanc
550 1351 652 1385 miser
668 1363 795 1385 vocem
812 1352 920 1386 edidit
933 1365 944 1387 z

80 1399 258 1434 Succeffus
274 1401 489 1435 obcaecatum
505 1411 561 1433 me
577 1400 691 1433 tenuit
707 1400 765 1434 diu
779 1413 789 1438 ·‚

79 1448 126 1485 At
141 1447 225 1492 justa
236 1475 245 1490 ‚
260 1448 321 1493 qui
337 1448 404 1482 sim
415 1474 424 1489 ‚
439 1449 616 1482 calamitas
634 1460 724 1482 nunc
742 1460 797 1482 me
814 1450 932 1485 docet.

214 1526 940 1574 «gfflfflffl—ss-—J

262 1615 293 1660 F
319 1612 361 1659 A
391 1613 423 1658 B
459 1614 503 1659 U
534 1614 569 1658 L
595 1613 636 1657 A
707 1612 754 1658 X
783 1616 801 1660 I
828 1613 892 1660 X.

338 1709 498 1755 Cancer
520 1707 561 1755 δ’
581 1709 671 1767 ejus
680 1710 820 1769 filius.

82 1783 168 1863 ἶ.)
182 1833 206 1857 τ
226 1834 370 1868 prorsus
394 1823 461 1857 iret
475 1850 484 1864 ‚
507 1822 620 1858 filium
642 1825 881 1868 retrogradum

87 1875 218 1908 Cancer
234 1873 420 1909 monebar,
437 1870 472 1905 at'
487 1871 580 1905 filius
598 1885 606 1906 :
626 1873 717 1916 Iprae
734 1886 743 1910 ,-
762 1873 885 1915 sequar.

137 1921 309 1968 Cuiquam
325 1932 368 1956 ne
385 1920 529 1965 objicias
540 1947 550 1964 ,
564 1922 659 1967 quod
673 1921 737 1956 tibi
753 1921 860 1965 objici
874 1921 1001 1968 potest.
