1268 2361
146 145 318 191 LIBER
348 156 611 190 DECIMUS
644 155 924 200 QUINTUS.
959 147 1042 205 361

325 223 1033 271 ΞὲὲᾕὲΞ-Ξ--ῌὶν

289 312 320 356 F
347 277 387 356 ‚A
418 311 450 355 B
479 310 523 355 U
552 310 587 355 L
613 310 653 354 A
721 311 764 355 v
794 312 825 356 1.

253 405 505 465 Adolescens
555 402 598 449 G*
632 404 860 465 Anguillae.

56 240 92 268 *ss

63 480 161 555 fjx
175 528 196 554 c
210 530 233 554 'r
245 529 271 554 U
285 529 301 553 s
321 530 446 560 manu,
464 518 612 552 scatebat
629 518 802 563 Anguillis
818 520 931 555 lacus:

60 571 141 604 Huc
156 569 291 603 otiosus
308 568 520 601 Adolescens
539 566 720 600 accefferat
734 580 744 606 ·‚

0 594 2 607 l

0 610 4 682 k
60 618 135 660 Qui
151 618 313 663 quasdam
329 628 447 650 earum
465 616 545 649 cnm
561 626 719 649 natantes
734 627 910 659 cerneret,

61 667 188 700 Piscari
204 665 345 699 voluit:
365 677 448 710 ergo
463 665 608 698 nudavit
625 666 728 708 pedes

6 756 7 761 Ἰ
63 716 105 748 Et
119 715 284 752 brachia3
301 716 508 758 lacumque,
525 724 563 746 ut
576 724 651 746 erat
667 714 862 748 altitudinis

6 767 8 771 “
62 764 226 809 Exiguae,
243 763 350 796 inivit
366 775 374 796 :
393 773 468 795 tum
484 762 588 795 simul
605 773 710 806 aquas
726 763 853 806 incipit

8 822 12 848 ²,
61 813 238 853 Turbare,
254 812 398 846 fundum
417 821 646 844 commovere
663 836 672 851 ,
691 810 727 844 in
744 812 880 845 abditos

12 890 13 894 ,
61 860 198 895 Furtim
214 859 362 894 receffus
379 859 518 893 mittere
534 859 696 904 cupidam
713 871 854 894 manum
872 873 880 894 :

61 910 156 944 Mox
172 908 399 954 apprehendit
414 909 565 952 ptaedam
582 919 592 946 ·,
609 908 666 942 sed
682 908 726 943 εὸ
744 909 889 944 celerius

63 958 218 992 Elabitur
234 958 292 992 illa
305 984 314 999 ‚
331 955 403 1002 quc>
421 955 547 991 ataias
565 956 815 1003 constringitur
832 972 841 991 z

63 1007 203 1041 Deinde
217 1009 323 1040 altera
338 1032 346 1047 ,
364 1005 486 1038 deinde
504 1005 606 1039 tertia
619 1006 728 1040 simili
744 1008 852 1040 modo

65 1056 283 1100 Capiturque
298 1081 308 1096 ‚
323 1054 510 1098 uisumque
523 1053 693 1097 capientis
707 1055 847 1088 irritum

64 1104 229 1151 fugitiva
245 1105 346 1138 ridet.
360 1101 474 1136 Feffus
491 1102 549 1136 ille
563 1103 691 1136 deserit

64 1154 172 1187 Inane
188 1153 337 1186 studium
352 1164 360 1186 τ
378 1151 463 1184 fictis
477 1178 487 1192 ‚
503 1153 545 1185 ad
559 1151 671 1195 ripam
689 1152 765 1186 sitae
782 1178 791 1194 ‚

26 1242 27 1246 Ἰ
65 1197 146 1246 sese
160 1203 220 1235 sub
240 1202 362 1234 umbra
377 1200 502 1245 recipit
516 1213 524 1233 :
538 1201 596 1233 hic
612 1202 692 1234 dum
709 1202 891 1245 paululi'im

28 1286 29 1290 ,
65 1250 226 1293 Ωἱιίεΐείι
238 1277 246 1291 ,
261 1259 399 1294 reputat
410 1273 420 1290 ‚
434 1248 503 1282 istae
519 1248 624 1293 quam
640 1248 711 1282 sint
725 1250 857 1284 lubrica

67 1299 231 1333 Curicula
246 1298 418 1343 Anguillae
434 1309 444 1335 ·‚
463 1297 497 1330 &
511 1297 586 1330 suas
601 1297 704 1330 simul
721 1309 864 1340 manus,

30 1349 31 1353 ’
66 1348 232 1381 Retinere
249 1348 401 1390 praedam
418 1345 522 1390 quam
538 1356 729 1390 nequeant,
752 1347 973 1387 consideran

31 1399 33 1404 ’
66 1397 202 1440 Easque
220 1395 369 1429 niminm
384 1397 492 1428 laeves
509 1393 575 1427 effe
591 1395 778 1438 perspicit:

66 1444 146 1478 Post
162 1445 282 1478 ludens
295 1470 303 1484 ‚
320 1454 358 1476 ut
373 1442 412 1476 fit
423 1469 432 1484 ‚
450 1444 483 1476 ὃ(
499 1442 650 1476 insciens
662 1468 672 1484 ,
688 1442 875 1478 ficulneam

66 1492 238 1537 Decerpit
251 1494 410 1526 frondem
423 1518 431 1532 ‚
449 1492 483 1524 &
496 1490 562 1524 effe
579 1491 684 1525 sentit
696 1492 852 1536 asperam
867 1507 875 1526 :

67 1542 152 1576 Oho
169 1544 176 1575 ἶ
194 1541 277 1585 quid
288 1567 296 1580 ,
314 1540 429 1585 inquit
443 1567 452 1581 ‚
469 1540 592 1573 fronde
607 1540 637 1574 si
654 1540 714 1574 ista
731 1542 906 1586 corrigam

67 1591 168 1624 Hanc
183 1601 349 1623 manuum
364 1590 581 1623 laevitatem?
599 1590 787 1623 consilium
804 1592 940 1634 placet:

68 1639 248 1682 Experiar.
267 1639 357 1684 Ergo
372 1638 533 1671 manibus
550 1636 618 1678 jam
637 1637 816 1680 ficulneis,

66 1688 141 1720 Nec
156 1697 274 1720 tamen
288 1686 437 1720 infirmis
453 1712 461 1727 ‚
479 1697 542 1719 nec
556 1686 768 1721 inhabilibus
782 1688 948 1732 praeditus
962 1713 971 1728 ,

69 1735 170 1778 Opus
189 1735 347 1768 celeriter
362 1736 402 1767 ad
415 1735 575 1768 relietum
592 1735 626 1768 se
642 1736 746 1769 refert
760 1748 770 1774 ·,

71 1784 294 1827 Praedamque
310 1783 400 1816 belle
416 1783 542 1816 retinet
557 1809 566 1823 ‚
583 1795 687 1827 quam
703 1784 853 1829 primam
869 1783 975 1829 capit.

118 1831 274 1865 Difficile
289 1831 402 1864 vincit
417 1833 542 1865 lenitas
559 1832 696 1866 animos
709 1834 807 1867 leves
821 1859 832 1875 ‚

68 1881 115 1916 At
130 1880 219 1925 saepe
234 1880 326 1914 ratio
342 1880 503 1915 continet
515 1879 684 1918 severior.

831 1978 865 2022 Q
