1268 2361
146 122 318 168 LIBER
348 133 609 169 DECIMUS
643 132 922 177 QUARTUS.
961 134 1046 182 343

63 205 254 244 Violentus
271 204 381 250 aperit
392 230 401 246 ,
416 205 553 238 &levis
568 203 721 247 erumpit
734 203 839 236 foras.

112 255 209 299 Quid
222 254 387 299 pertinax
402 254 537 287 efficere
553 263 627 286 non
642 251 756 297 potest
767 253 894 286 labor?

445 344 665 389 *Δῆμέ-Ε·

217 433 250 476 F
283 433 325 476 A
363 432 395 476 B
432 431 477 476 U
511 430 548 475 L
582 430 622 474 A
701 427 749 473 X
781 426 827 474 X
861 429 893 473 Ι.

293 526 432 570 Citrus
451 523 494 571 δ’
519 526 613 570 aliae
633 524 830 569 Arbores.

184 359 211 387 ‘C
898 353 926 380 8·

123 599 153 619 -r

63 597 133 674 '‘zv''
158 650 183 673 A
197 649 212 673 s
226 649 248 673 E
267 639 303 673 in
320 641 486 684 quadrato
498 665 506 679 ‚
524 649 644 673 muros
662 638 752 671 intra
764 637 923 683 ligneos,

0 710 1 737 3
62 688 239 732 Tepidum
255 689 374 722 referri
391 690 432 722 ad
447 687 620 722 fornicem
633 687 759 720 hiemis
774 697 935 731 tempore

64 737 116 770 Ut
131 737 232 771 facil'e
248 736 379 782 poffet,
392 737 498 770 insita
516 736 626 769 fuerat
644 735 760 769 Citrus
777 747 785 768 :

64 785 162 827 Post,
178 787 237 820 ubi
251 785 405 820 adolevit
417 811 425 826 ‚
443 784 521 818 cum
537 794 714 828 putaretur
728 794 827 827 pares

0 839 1 844 ’
63 833 244 869 Gravibus
259 834 408 869 ferendis
425 833 508 868 anni
523 832 783 877 tempestatibus

0 881 2 899 ²
63 883 204 928 Cepiffe
220 883 315 917 vires
331 910 340 925 ,
357 883 517 927 linquere
536 882 675 927 cogitur
690 881 790 915 suurn
803 907 812 922 ‚

2 970 3 975 Ἰ
64 931 83 967 J
87 942 142 965 arn
158 932 263 966 nimis
281 932 459 977 angustum
470 958 479 973 ‚
493 941 687 968 carcerem3
702 941 739 964 ac
753 929 938 974 reponitur

0 994 3 1027 J
62 980 245 1015 Patentem
261 981 299 1014 in
311 983 453 1014 hortum
467 1007 476 1022 ‚
488 979 622 1013 validas
637 979 729 1013 inter
742 980 893 1012 Arbores
904 1003 914 1020 ,

0 1029 3 1046 ³
65 1029 163 1071 Quas
177 1031 264 1063 duro
277 1032 407 1063 aluerat
423 1040 512 1063 terra
527 1028 651 1061 natalis
667 1029 757 1061 sinu.

64 1077 220 1112 Primum
237 1078 373 1124 vigoris
389 1078 565 1123 specimen
579 1077 759 1123 egregium
776 1076 869 1111 dedit

66 1126 165 1160 Laeto
183 1130 314 1162 colono
331 1140 341 1165 ·‚
356 1128 414 1161 sed
428 1138 516 1161 mox
531 1126 715 1160 delicatior

65 1175 153 1208 Visa
168 1175 215 1209 est
230 1188 240 1214 ·‚
258 1178 299 1209 ad
315 1187 458 1210 omnem
474 1186 563 1209 mox
579 1175 613 1208 ὅ(
628 1175 701 1218 ipsa
714 1174 859 1208 sibilum

66 1224 255 1269 Aquilonis
273 1224 408 1258 offenso
425 1224 658 1270 ingemiscens
674 1223 805 1257 cortice
820 1249 831 1265 ,

68 1273 183 1306 Sentit
199 1273 336 1307 sorores
353 1285 479 1319 genere
493 1273 634 1319 quidem
650 1272 725 1305 suas
739 1271 806 1305 sibi

66 1322 141 1356 Effe
158 1333 258 1366 pares
273 1348 283 1363 ‚
299 1322 420 1356 natura
437 1333 553 1356 autem
569 1320 675 1366 long'e
691 1321 841 1365 dispares
857 1333 867 1355 z

67 1370 284 1416 Paulumque
298 1372 416 1405 acerba
433 1371 513 1405 cum
525 1368 703 1416 ingruiffet
716 1370 859 1415 frigoris

68 1419 253 1453 Violentia
266 1446 276 1461 ‚
291 1420 358 1454 illae
374 1419 477 1454 facile
493 1420 675 1464 superant,
693 1419 769 1452 haec
786 1417 890 1462 perit.

118 1468 235 1510 Quem
250 1469 375 1502 vivere
388 1468 447 1502 diu
462 1468 620 1502 volueris
632 1494 642 1509 ‚
659 1479 702 1502 ne
717 1467 859 1502 mollius

69 1515 159 1551 Puer
174 1518 340 1553 educetur
351 1543 361 1561 ‚
376 1517 534 1553 monitus
547 1518 713 1562 exemplo
729 1527 828 1552 cave.

495 1674 564 1734 QX!

488 1727 541 1746 ὑ

492 1743 566 1799 qs*

566 1675 620 1796 “AV“

778 1949 867 1987 Piv
