1268 2361
135 120 306 164 LIBER
333 129 596 164 DECIMUS
637 129 900 164 nanus.
939 134 1033 185 309

36 200 223 236 Fastidium
240 211 354 234 creare
368 211 430 244 per
443 210 555 234 totam
569 200 660 234 diem

37 249 114 283 Tua
130 250 189 283 ista
205 260 295 283 voce
313 249 449 282 stridula
466 251 479 283 ἒ
500 250 577 282 Hoc
593 249 705 283 retine
721 260 859 283 memor
875 262 884 284 ε

36 298 204 342 Objicere
220 297 360 331 stultum
376 297 424 332 est
440 309 480 331 ea
497 310 574 343 quae
591 309 712 343 peccas
730 299 899 334 maxime.

304 418 310 420 ,
426 389 644 435 ‚5212-

201 477 232 521 F
266 477 308 521 A
344 477 377 521 B
413 477 458 522 U
493 477 529 522 L
565 478 605 522 A
686 476 734 522 X
768 478 874 524 IV.

397 573 509 617 Ovis
537 573 677 633 tonsa.

170 405 190 429 ·Ε
877 403 901 430 )·

39 643 90 718 ἶ
102 696 127 719 N
140 696 166 718 v
179 696 193 720 1
206 696 230 720 τ
242 695 267 720 Α
287 697 399 731 nuper
416 687 449 720 ὅτ
465 686 638 720 reluCtans
656 687 692 719 in
708 698 832 722 manus

36 735 210 769 Tonsoris
227 735 322 769 avidi
339 735 462 768 tradita
479 736 591 769 fuerat
609 736 733 769 Bidens
749 761 759 777 ‚

36 785 215 829 Suamque
229 786 345 818 lanam
359 784 518 818 amiserat
533 784 752 828 planissime.

37 833 140 867 Nunc
156 844 255 878 prata
271 833 392 867 mollia
408 844 511 878 atque
525 844 710 867 vernantes
728 844 830 878 agros
845 859 854 874 ‚

36 883 139 914 Nuda
156 883 297 927 quidem
309 909 318 922 ‚
337 893 371 916 at
386 882 550 925 expedita
562 908 572 923 ,
588 883 671 916 dum
687 884 906 926 perambulat
925 886 937 926 ,'

37 930 119 963 Sese
136 931 208 974 ipsa
222 958 231 972 ,
250 931 388 965 doctior
399 957 407 971 ‚
425 930 539 975 arguit
555 930 800 975 imprudentiae
815 958 824 973 ‚

38 978 148 1021 Qubd
161 980 386 1024 impatienter
401 981 540 1013 dentem
556 990 696 1013 acutum
712 980 845 1014 forficis
856 1005 867 1021 ,

37 1028 131 1061 (ἶὺιῐι
148 1030 369 1070 tonderetur,
385 1028 506 1062 tulerit
521 1041 528 1062 ε
547 1040 627 1062 nam
645 1039 761 1062 totum
777 1039 879 1062 antea

39 1076 173 1110 Sudore
190 1088 318 1123 corpus
331 1077 509 1111 diffluebat
526 1090 534 1111 :
554 1078 589 1111 &
600 1103 609 1118 ,
626 1078 744 1111 Locus

39 1125 121 1157 Erat
131 1150 140 1166 ‚
157 1125 206 1159 ait
220 1152 230 1167 ‚
247 1126 377 1167 metui,
392 1135 542 1159 tentaret
557 1138 602 1160 ne
615 1126 768 1170 denique

39 1174 65 1206 F
67 1174 183 1208 urtiva
199 1174 328 1208 scabies
345 1175 525 1208 humidam
542 1174 648 1208 nimis
662 1185 791 1208 cutem.

90 1222 158 1257 Hic
173 1223 263 1268 saepe
279 1223 418 1267 prodest
431 1248 442 1265 ‚
458 1224 520 1268 qui
536 1224 751 1267 supervacua
771 1221 912 1268 abripit.

173 1312 903 1360 .ffl5ffi=ffi———.s.

234 1403 267 1448 F
297 1401 338 1446 A
373 1402 406 1446 B
443 1402 488 1447 U
522 1402 559 1446 L
596 1402 638 1446 A
704 1401 751 1446 X
783 1402 843 1449 V.

297 1497 484 1541 Catellus
502 1494 545 1542 ὃ*
563 1494 782 1560 Moloffics.

49 1570 159 1649 CA
170 1621 194 1646 T
205 1620 228 1645 E
240 1621 260 1645 L
272 1621 292 1645 L
302 1621 330 1646 U
341 1623 356 1645 s
374 1612 415 1645 ab
430 1612 513 1645 hera
527 1637 537 1652 ‚
552 1610 666 1644 nobili
682 1610 885 1645 muliercula
903 1615 916 1654 ,'

41 1662 137 1705 Quia
157 1662 227 1695 sese
243 1661 351 1695 amari
367 1660 560 1701 sentiebat,
576 1671 742 1705 arrogans

42 1711 278 1755 Petulansque
294 1710 403 1744 faetus
425 1709 505 1743 inde
524 1709 595 1747 est3
611 1710 645 1742 &
664 1708 806 1753 quoties
822 1707 890 1742 sibi

42 1760 198 1803 Quidam
215 1758 408 1799 Moloffus,
425 1758 570 1803 ingenio
586 1758 682 1791 mitis
699 1758 839 1802 quidem
853 1782 865 1799 ‚

43 1810 112 1842 Sed
127 1820 206 1842 acer
219 1807 362 1848 animo,
379 1817 648 1853 praepotensque
661 1806 794 1840 viribus
808 1831 819 1848 ‚

44 1857 276 1898 occurreret,
292 1869 372 1890 eum
388 1857 631 1901 provocabat:
648 1865 682 1889 at
695 1855 808 1888 statim

45 1907 140 1943 Hinc
153 1907 187 1942 se
203 1907 391 1942 amovebat
405 1905 482 1949 ille,
502 1915 575 1941 non
587 1904 733 1952 dignum
746 1912 876 1950 putans
