1225 2367
151 116 244 163 300
309 102 465 145 ΓΑΒ.
497 101 981 149 AESOPIARUM

145 182 282 216 Crearit
298 182 411 227 ipsum
428 182 570 229 gibbere
588 192 763 216 carentem
780 183 878 217 Deus
895 185 909 218 ἓ

194 233 331 266 Fabella
344 243 506 277 magnam
523 233 564 264 ad
577 232 758 265 nationem
773 233 945 275 pertinet,

147 281 237 323 Quae
253 281 341 314 vitia
356 282 516 325 quaedam
534 281 615 324 quia
633 281 757 325 probat
773 292 864 314 nunc
882 282 916 315 ἃ
932 279 1050 324 colit*

146 330 194 362 Ea
208 331 316 363 vellet
333 329 497 363 omnibus
513 329 579 362 effe
596 330 770 362 virtutum
785 331 882 364 loco.

595 418 1010 465 {ffiss‘ffl

353 508 384 552 F
418 505 458 550 A
494 507 527 551 B
572 507 618 552 U
658 507 693 552 L
729 507 770 552 A
849 509 872 558 ,Ι
906 509 940 555 Ι.

321 602 438 663 Bufb
475 602 512 645 6²
545 601 726 667 Mustela
754 602 965 666 silvestris.

282 436 305 459 4

148 673 272 750 Ur,
284 726 301 750 F
317 724 341 749 ο
354 725 380 749 R
390 725 423 748 M
435 725 450 748 1
462 724 486 748 T
497 724 523 748 A
535 724 560 748 τ
571 725 594 748 Ε
612 716 771 760 corporis
792 716 990 752 foedissima

148 766 349 809 Coopertus
365 765 518 808 undique
530 790 539 804 ‚
562 765 596 797 ὅ(
611 776 752 798 veneno
768 766 926 811 turgidus

146 813 237 846 Bufo
254 840 263 854 ‚
279 813 382 858 pigrae
399 813 534 857 paludis
548 814 613 846 uda
630 813 668 846 in
683 815 839 859 margine

147 863 304 895 Cubabat
321 875 329 895 z
350 862 432 895 hinc
449 861 642 895 silvestrem
659 862 844 896 Mustelam
860 863 1036 908 adspicit‚

145 911 261 955 Atque
275 910 381 944 simul
395 912 519 944 ocutos
535 911 647 944 tabida
663 911 812 945 infefios
828 914 885 945 lue
899 939 909 954 ,

146 960 189 993 Et
205 959 354 1004 turpiter
370 960 564 993 eminentes
581 960 618 992 in
634 971 711 993 eam
726 960 872 1002 conjicit
885 987 894 1001 ,

146 1008 344 1052 Vibratque
359 1008 457 1041 virus
469 1034 478 1049 ‚
495 1008 762 1053 adspectumque
779 1020 942 1043 mutuum

147 1057 346 1098 Sollicitat,
361 1067 400 1090 ut
416 1057 612 1091 intuentem
629 1059 756 1090 obtutu
771 1058 946 1092 fascinet:

146 1106 241 1139 Tum
256 1108 363 1139 latera
374 1131 384 1147 ‚
399 1105 538 1139 sufflans
550 1131 558 1146 ‚
575 1106 824 1150 horridamque
840 1109 948 1152 agitat
962 1116 1111 1152 cutem,

147 1156 190 1188 Et
207 1166 268 1188 ore
284 1156 406 1198 patulo
422 1154 565 1199 spiritus
582 1156 783 1188 teterrimos

145 1203 284 1237 Emittit
296 1230 304 1244 ,
319 1204 460 1236 occulta
474 1203 667 1236 attrahendi
684 1204 850 1247 praeditos

145 1253 301 1286 Virtute.
319 1253 455 1297 Magno
472 1252 506 1285 se
523 1251 632 1293 obiici
651 1252 812 1297 periculo

144 1301 316 1347 intelligit
332 1301 481 1335 Mustela
499 1313 508 1339 ς
525 1301 616 1334 hunc
633 1301 816 1335 adversum
829 1311 947 1336 tamen

144 1352 278 1384 Contra
294 1350 449 1383 intuetur
463 1362 473 1388 ·,
492 1350 525 1383 ὅ(
536 1376 545 1391 ,
563 1351 593 1382 A
607 1350 762 1383 monstro
773 1377 782 1392 ‚
798 1351 934 1395 inquit,
947 1350 1050 1385 allici.

143 1400 233 1432 Tam
249 1399 365 1443 turpi,
381 1409 523 1443 tamque
537 1399 770 1432 abominando
787 1410 842 1432 me
859 1400 997 1435 sinam?

142 1449 320 1482 Horresco
337 1459 500 1492 reputans
517 1450 524 1482 2
544 1447 648 1480 satius
660 1474 668 1488 ‚
683 1449 750 1481 heu
769 1451 776 1481 !
792 1448 896 1481 fuerit
910 1448 1017 1483 mori.

143 1497 210 1530 Sed
226 1497 396 1530 allicietur
413 1497 558 1537 misera,
575 1496 610 1528 ὅ(
626 1496 797 1529 morietur
813 1497 930 1531 simul.

142 1546 235 1578 Nam
250 1545 341 1578 Bufo
355 1545 537 1589 postquam
553 1544 645 1577 vidit
660 1544 845 1578 attonitam
860 1555 956 1589 metu
970 1571 981 1587 ,

141 1594 184 1627 Et
201 1594 394 1638 inquietam
406 1620 414 1634 ‚
434 1598 468 1626 oc
484 1593 731 1638 adspicientem
750 1594 939 1628 identidem
954 1619 967 1636 ,

142 1643 278 1676 Cubare
295 1643 492 1686 perseverat
509 1642 547 1674 in
562 1643 687 1675 eodem
703 1644 808 1679 loco·‚

141 1692 266 1737 Neque
282 1690 372 1726 vero
387 1691 525 1736 segnius
543 1690 684 1724 interim
703 1690 919 1734 corpusculis

139 1740 338 1774 Missilibus
356 1739 455 1773 instat
470 1741 620 1784 praedam
634 1739 938 1774 circumscribere:

139 1789 304 1831 Quorum
322 1789 381 1822 illa
398 1788 466 1830 jam
484 1800 556 1821 non
573 1788 786 1822 affluentiam
804 1791 935 1823 valens-

140 1837 292 1871 Sufferre
308 1863 321 1879 ,
332 1837 442 1871 resiiit
453 1864 461 1879 ‚
478 1838 614 1871 subsilit
625 1864 633 1879 ‚
650 1837 774 1882 quaerit
787 1837 871 1870 mali

134 1885 336 1933 Effugium‚
352 1889 558 1932 nullumque
575 1887 713 1921 invenit
727 1912 736 1929 ‚
752 1887 875 1931 patulo
893 1884 966 1920 nisi

1193 1159 1202 1174 Ἰ
