1225 2367
156 116 996 180 '160'FAAAE50PIARUM'

154 210 387 246 Bellariorum
404 210 503 244 omni
516 210 682 244 refertum
695 210 811 254 copi-5.

206 260 240 293 Ο
258 260 393 304 Jupiter
405 285 413 299 ,
432 260 498 300 ait,
512 259 694 303 hospitalis
705 285 714 300 ‚
731 261 826 303 quod
840 260 977 294 bonum

156 308 250 342 Mihi
266 309 364 341 venit
379 308 504 349 hodie,
519 319 727 352 perpetuum
742 308 846 342 facias
863 320 987 352 precor
1003 309 1012 343 !

155 357 338 401 Simulque
356 358 490 390 dulcem
506 383 514 397 ‚
533 357 729 390 saccharum
742 383 750 397 ‚
764 358 889 401 dapem
905 357 1026 402 eligit3

151 406 392 450 Comeditque
403 431 411 445 ‚
430 406 459 438 si
474 417 546 439 non
563 406 712 439 aviditas
729 417 896 449 quantum
914 405 1042 448 jubet,‚

153 454 200 488 At
213 465 319 498 parva
335 464 506 498 quantum
524 455 706 488 continere
723 456 823 488 alvus
840 454 963 498 potest.

153 502 313 546 Opipare
327 503 449 546 pransa
463 514 654 547 pauperem
670 505 712 536 ad
727 504 849 537 cellam
865 504 954 537 redit
967 514 989 543 ·„

150 550 348 595 limenque
363 552 429 584 vix
442 551 589 597 ingreffa
604 563 741 585 narrare
761 552 884 597 incipit

151 599 311 633 Omnem
328 600 500 634 munificae
514 601 627 634 Sortis
645 602 798 634 oblatam
812 601 879 634 sibi

147 646 410 693 Benignitatem
427 661 437 687 ·,
457 650 492 683 ὅ(
507 649 608 692 hujus
627 650 664 683 in
679 661 815 694 partem
828 649 915 683 boni

149 696 286 731 Invitat
302 700 398 731 ultro
414 698 543 732 sociam
555 724 563 738 ,
580 699 614 732 &
631 701 798 732 admovet
813 710 933 743 preces

149 745 311 779 Sollicita
326 747 481 780 blandas.
498 747 562 780 lua
575 746 665 781 vero
681 748 845 791 pertinax

149 794 356 840 Repugnat:
379 795 542 840 cumque
558 807 650 829 nunc
665 796 747 830 satis
763 798 853 830 hene
869 795 915 830 sit
931 793 1020 830 mihi
1034 819 1054 838 ,-

148 841 390 878 Periculosum
407 843 524 885 iudico
536 869 545 885 ,
561 844 699 890 inquit,
712 856 735 879 0
752 846 870 886 soror,

150 892 278 926 Studio
295 892 330 926 &
345 893 467 927 labore
478 920 487 933 ,
504 894 630 927 melius
646 904 685 927 ut
701 894 748 928 sit
761 920 772 936 ‚
787 894 938 929 distrahi.

201 942 269 975 Sed
285 943 390 975 altera
405 942 453 975 nil
469 941 537 984 jam
550 968 559 984 ‚
573 942 641 976 nisi
658 943 847 989 degustatas
861 943 981 977 semel*

150 989 310 1024 Delicias
325 1017 334 1031 ,
353 991 499 1035 cupiens
510 1017 519 1032 ‚
535 992 748 1031 ordinariam
764 993 845 1026 terit

149 1038 270 1073 Escam
288 1040 436 1083 superbo
449 1042 551 1074 dente
563 1066 571 1081 ‚
590 1041 623 1074 &
637 1041 673 1074 in
687 1053 812 1087 aegram
829 1041 1010 1075 nauseans-

148 1087 319 1121 Demittit
335 1090 454 1122 alvum
469 1101 479 1128 ς
499 1090 532 1123 &
549 1089 654 1134 quam
667 1090 749 1123 licet
762 1090 955 1134 saepissime

148 1135 291 1171 Revisit
307 1139 472 1172 horreum
483 1164 492 1178 ‚
507 1139 609 1172 unice
624 1140 719 1183 quod
734 1138 802 1178 iam
819 1141 946 1184 placet.

146 1185 403 1230 Intemperanti
420 1190 501 1221 dum
516 1189 565 1221 sic
582 1188 785 1232 obsequitur
798 1190 886 1233 gulae
901 1213 911 1229 ,

147 1234 193 1268 Se
210 1236 322 1268 facere
338 1237 446 1269 credit
461 1236 563 1270 stulta
575 1238 725 1270 multum
744 1237 929 1281 corporis:

147 1284 195 1317 At
207 1285 339 1318 vilibus
357 1286 444 1318 olim
460 1296 585 1319 venter
600 1285 749 1319 assuetus
765 1287 850 1320 cibis
862 1311 872 1328 ,

146 1332 353 1367 Offenditur
368 1334 438 1367 istis
452 1335 710 1369 delicatioribus
723 1362 732 1377 ‚

146 1382 312 1424 Quorum
326 1383 406 1416 usus
423 1384 530 1418 etiam
547 1384 678 1428 largior
693 1386 857 1418 damnum
873 1391 1064 1429 aggravat.-

145 1430 304 1464 Dcmum
321 1432 380 1465 illa
395 1444 506 1466 vitam
523 1434 603 1466 dum
621 1433 686 1466 sibi
703 1435 782 1466 vult
798 1434 938 1466 reddere

146 1477 395 1513 Jucundiorem
408 1507 418 1522 ‚
439 1480 554 1515 multo
570 1482 770 1514 breviorem
783 1482 907 1515 efficit:

145 1526 358 1573 Miseretque
372 1531 474 1564 funus
488 1529 637 1563 bestiolae
655 1540 752 1563 curat
766 1530 865 1562 soror
876 1555 886 1570 ‚

146 1575 276 1610 Moesta
295 1578 433 1621 quidem
446 1605 455 1620 ‚
468 1579 553 1612 sano
570 1579 627 1612 sed
641 1579 766 1623 vigens
784 1577 1007 1622 corpusculo.

195 1627 405 1660 Admonitus
422 1629 489 1660 hoc
502 1629 668 1671 exemplo
679 1653 687 1668 ,
702 1638 825 1672 magua
841 1627 993 1660 divitum

145 1673 383 1711 Contemnere
399 1687 530 1721 pauper
543 1676 645 1711 facii'e
660 1675 797 1722 possum
812 1674 969 1720 prandia.

604 1819 678 1861 age.
684 1850 688 1852 ,

602 1850 689 1895 ἀιέ·

1210 341 1225 419 ε

1211 428 1222 472 ὶ

1201 480 1222 562 ιε
