1268 2361
0 0 1033 40 r-——-„-——ffi

277 142 504 187 LIBER
561 153 877 188 PRIMUS.

85 224 281 259 Descendat
297 223 334 256 in
350 225 403 265 se,
418 223 646 268 dispiciatque
664 224 783 258 sedulo
794 249 803 266 ,

84 273 122 307 Si
138 273 220 318 quid
235 273 320 314 erit,
335 283 406 316 quo
423 272 495 309 fors
511 272 704 306 irritaverit
721 274 819 307 Deos
834 284 844 311 ;

84 322 134 355 Ut
150 333 218 355 una
235 323 373 355 demum
385 348 395 362 ,
411 321 478 354 rite
494 322 564 354 sese
582 323 764 355 devovens
775 347 785 362 ‚

83 370 206 403 Hostia
221 381 276 404 tot
293 370 499 405 innocentes
515 370 662 404 redimat
678 370 854 404 vic'timas.

83 418 157 463 Ego
173 419 334 463 equidem
352 419 454 462 culpa
472 430 545 452 non
562 430 676 452 carere
693 430 748 452 me
765 429 873 462 puto:

83 467 173 502 Nam
192 479 279 501 oves
290 494 299 508 ‚
315 468 349 500 &
365 478 475 512 agnos
487 494 496 508 ‚
512 468 545 501 &
561 467 730 508 juvencos
743 494 752 508 ‚
767 468 800 500 ὅ(
816 469 927 503 boves

83 516 233 549 Comedi
247 529 256 554 ·,
275 527 338 549 nec
353 516 494 561 peperci
510 516 595 560 ipsis
613 515 808 550 custodibus
823 529 832 550 ε

81 564 124 597 Et
139 565 231 605 hssec,
247 566 281 598 &
297 565 365 598 alia
383 564 557 606 ejusmodi
575 564 677 609 quam
695 565 847 609 plurima

82 612 238 654 Patrata‚
254 614 385 654 fateor,
399 613 473 654 jure
490 615 588 647 nullo
607 613 685 647 sunt
702 625 796 649 mec.

131 662 198 695 Hic
214 664 331 705 vulpis
343 689 352 703 ,
367 672 405 695 ut
422 674 468 706 qu
480 675 497 694 e
515 663 639 707 sponte
658 663 790 696 adulari
807 663 916 706 solet,

80 709 205 744 Vitam
220 713 385 744 reclamat
402 723 544 744 omnem
561 711 651 744 tanti
669 711 837 756 principis

81 760 202 803 Culpae
219 759 375 794 inveniri
391 759 486 804 poffe
506 759 593 792 nulli
610 760 804 794 obnoxiam
818 773 828 796 :

80 807 214 841 Ovillis
226 835 235 849 ‚
250 808 365 852 inquit
375 834 384 849 ‚
398 808 608 852 bubulisque
625 809 787 842 carnibus

79 856 178 900 Saepe
195 857 322 890 satiasti
339 857 495 890 nobilem
512 868 608 890 tuam
626 858 753 890 famem
769 871 777 891 :

80 905 175 948 Quid
191 916 266 939 tum
281 908 293 939 ?
309 907 498 950 pecudibus
515 917 661 950 magnus
679 906 734 939 hic
751 905 861 941 stultis
878 907 994 944 honos

79 953 134 987 Est
150 954 287 988 habitus
298 981 308 995 ‚
322 957 442 988 alvum
459 954 554 998 quod
571 965 668 987 tuam
687 956 914 999 repleverint.

78 1003 226 1047 Aliquot
245 1004 411 1047 praterea
428 1003 572 1036 rusticos
590 1004 781 1048 discerpere

79 1050 213 1085 Placuit
228 1066 235 1086 z
251 1063 286 1085 at
302 1053 415 1086 hostes
433 1053 470 1085 in
486 1053 629 1085 modum
646 1051 805 1087 hostilem
823 1054 904 1089 licet

78 1100 242 1134 Tractare
253 1127 261 1141 ‚
278 1113 340 1135 nec
356 1101 410 1144 jus
426 1101 590 1134 bellicum
607 1101 725 1135 ulcisci
742 1113 853 1138 vetat.

79 1149 168 1191 Quae
185 1150 260 1183 visa
277 1149 460 1194 postquam
476 1149 522 1182 est
539 1150 734 1193 plausibilis
753 1152 895 1190 orati03

78 1198 148 1230 Sua
165 1198 326 1231 confit2ri
342 1199 467 1232 scelera
486 1210 559 1232 non
574 1199 709 1231 dubitat
726 1198 825 1244 tigris
837 1226 846 1240 ‚

78 1246 161 1279 Non
178 1247 312 1280 dubitat
328 1248 426 1280 ursus
437 1272 446 1286 ,
460 1258 533 1279 non
549 1249 651 1290 lupu5
663 1273 672 1286 ‚
687 1259 759 1279 non
775 1247 884 1283 ceteri

79 1295 269 1328 carnifices
284 1308 294 1332 ·,
313 1296 346 1328 &
363 1296 423 1338 qui
439 1295 537 1340 nigra
554 1295 673 1328 notint
690 1305 828 1331 vertere

78 1343 118 1376 Iu
134 1344 276 1376 candida
289 1370 297 1384 ‚
311 1344 433 1376 adsunt
450 1353 609 1376 oratores
627 1344 754 1377 callidi.

127 1392 288 1426 Restabat
304 1393 422 1424 azirius
438 1405 445 1425 ε
464 1391 493 1424 is
511 1392 610 1425 suum
626 1392 718 1426 bona
738 1391 805 1427 fide

78 1440 258 1474 Scrutatur
274 1441 430 1473 animum
445 1453 454 1478 ·,
474 1441 507 1473 &
524 1440 683 1474 invenire
699 1441 764 1474 vix
780 1441 894 1485 potest

76 1490 280 1534 Quidquam
292 1516 300 1529 ,
315 1489 431 1522 notari
447 1489 590 1533 dignum
605 1503 614 1526 ·‚
630 1491 671 1522 ad
687 1500 885 1525 extremum
902 1500 1044 1527 tamen:

78 1538 190 1579 Mihi,
205 1538 305 1583 quasi
323 1549 384 1582 per
400 1539 563 1571 nebulam
574 1564 584 1578 ‚
598 1537 666 1578 ait,
681 1538 716 1571 in
734 1550 889 1574 mentem
904 1541 1026 1585 venit,

78 1587 178 1620 Olim
195 1598 250 1620 me
267 1585 442 1619 divertisse
453 1613 462 1627 ‚
477 1586 594 1619 nescio
611 1586 678 1631 qua
694 1588 752 1620 via
765 1614 774 1628 ,

78 1637 131 1668 Ad
147 1634 329 1668 sacrificuli
347 1635 464 1668 nescio
480 1634 576 1675 cujus
594 1637 769 1679 pratulum
785 1649 793 1668 :

78 1685 194 1717 Herba
211 1685 303 1717 bona
316 1710 324 1724 ‚
338 1694 456 1716 tenera
468 1710 477 1723 ‚
491 1683 521 1717 si
536 1682 623 1716 bene
641 1684 806 1725 memini,
819 1684 911 1723 suiv,

78 1733 259 1777 Attingere
276 1743 392 1766 autem
409 1743 482 1765 non
496 1733 622 1766 licebat
639 1733 726 1766 hanc
742 1733 829 1767 mihi
843 1747 852 1771 3

76 1781 210 1815 Noram
226 1794 233 1814 ε
249 1780 415 1814 abstinere
431 1781 532 1814 volui
546 1793 555 1814 ε
573 1781 630 1814 scd
645 1780 823 1815 stimulans
840 1783 969 1826 fames,

78 1830 120 1863 Et
136 1829 321 1863 allicientis
338 1829 585 1873 opportunitas
601 1829 707 1871 boni,

77 1879 120 1911 Et
137 1878 257 1923 genius
274 1878 399 1923 aliquis
416 1889 471 1912 me
488 1879 620 1920 malua,
633 1889 667 1912 cr
670 1881 756 1919 edo,
770 1878 931 1925 impulit,

78 1926 217 1962 Labella
232 1927 324 1962 dulci
338 1937 378 1962 ut
392 1927 619 1964 admoverem
634 1928 784 1976 gramini
793 1954 803 1970 ,
