1225 2367
163 128 257 174 344
321 114 471 158 FAB.
504 113 989 161 AESOPIARUM

166 208 191 232 ¹8

288 278 688 326 FABULA
779 262 1021 328 X'Xll.

395 375 592 420 Hirundo
624 375 666 421 δ’
696 375 785 434 ejus
797 378 913 436 filia.

159 446 259 521 PR
270 497 297 522 U
309 498 336 521 D
349 498 371 522 Ε
384 499 409 522 N
420 499 436 523 s
455 489 616 523 Hirundo
634 490 685 523 sic
702 491 866 524 monebat
883 490 991 526 filiam
1006 505 1014 526 :

157 537 221 570 Me
238 538 381 582 sequere
396 551 405 576 ·‚
421 550 560 572 mecum
574 539 713 583 paribus
728 540 791 573 hac
803 566 811 580 ,
827 539 894 584 qua
908 542 1067 584 praevolo
1077 566 1090 582 ,

157 586 344 620 Contende
361 588 486 630 pennis
501 600 509 620 :
525 598 631 631 atque
646 613 654 628 ‚
672 589 810 622 audin‘?
824 590 950 622 laevam
966 589 1052 623 time
1066 602 1078 628 ·,

157 636 255 668 Cave
271 636 338 668 huc
355 637 490 669 aberres
505 648 514 673 ·,
529 647 630 669 muro
648 636 784 669 adfixos
798 637 966 680 proximo

156 681 276 717 Video
291 684 437 717 bacillos
453 697 460 718 :
477 686 598 717 vetula
613 685 689 717 sum
703 697 712 722 3
727 685 891 719 homines
908 685 977 728 jam
993 686 1055 720 diu

155 732 256 764 Novi
271 733 413 766 dolosos
428 758 439 773 ,
452 732 604 776 perfidos
620 746 628 765 z
644 733 776 777 aliquid
790 734 872 767 mali

156 780 323 826 Suspicor
340 780 387 813 ibi
407 780 486 814 effe.
501 782 546 813 At
564 781 623 813 illa
640 793 648 814 ε
665 782 760 824 Quid
776 780 878 827 fingit
894 783 962 816 sibi

156 828 240 861 Mea
258 838 367 862 mater
377 855 385 870 ,
400 829 514 873 inquit
531 840 750 863 murmurans
764 832 778 864 ἓ
794 831 876 873 quid
888 831 1066 867 somniat?

156 876 253 910 Vere
269 878 397 910 fatetur
413 878 447 911 se
460 878 617 911 vetulam
632 889 642 916 ·,
660 888 770 923 nugas
787 878 882 913 enim

156 925 230 958 Has
247 926 321 967 ejus
339 925 405 959 effe
421 926 523 970 plane
538 926 647 959 aniles
665 927 826 961 arbitror.

155 975 331 1007 Accedere
350 974 432 1007 istos
447 976 488 1008 ad
504 975 650 1008 bacillos
668 987 723 1008 me
739 984 859 1009 vetat:

155 1023 197 1057 Id
213 1023 375 1067 equidem
391 1023 501 1057 facere
517 1023 667 1056 minime
685 1024 943 1068 cogitaveram3

156 1071 204 1103 At
217 1071 371 1115 experiri
385 1098 394 1112 ‚
410 1083 465 1105 me
478 1071 601 1104 timere
619 1073 714 1115 quod
728 1071 824 1113 jubet
839 1098 848 1113 ‚

153 1119 275 1162 Quam
290 1131 363 1153 non
376 1120 571 1153 timendum
587 1120 709 1161 fuerit,
724 1121 886 1163 protinus
901 1122 1004 1158 volo.

152 1168 264 1201 Dixit
277 1180 287 1206 ·‚
304 1169 479 1213 simulque
492 1168 698 1213 provolavit
711 1170 781 1202 huc
794 1169 885 1203 levis
896 1195 906 1210 ,

157 1218 260 1250 Unde
276 1218 436 1250 revolare
450 1229 524 1251 non
537 1218 653 1250 sinent
667 1217 827 1250 miseram
841 1218 932 1259 doli,

158 1266 262 1308 Quos
275 1266 394 1311 fugere
407 1265 510 1308 jussit
523 1266 672 1310 provida
688 1265 836 1300 nimisim
853 1278 976 1311 parens
987 1279 998 1301 ι

157 1315 251 1348 Nam
266 1315 333 1348 vix
349 1315 510 1360 attigerat
523 1341 532 1356 ,
546 1315 652 1348 sentit
667 1341 676 1355 ,
693 1315 727 1347 δε
741 1315 862 1348 frustra
876 1316 983 1360 gemit

159 1364 242 1397 Sese
258 1374 428 1397 retentam
444 1363 619 1409 glutinosa
636 1365 818 1408 compede.

211 1412 314 1445 Pueri
329 1413 362 1446 &
375 1415 499 1457 puellae
515 1422 757 1447 contumacem
771 1412 996 1446 meminerint

156 1460 275 1494 'Avem
292 1461 425 1495 irruiffe
441 1472 511 1496 tam
527 1473 633 1506 grave
649 1461 687 1493 in
698 1461 893 1504 periculum
904 1487 914 1502 ‚

161 1511 246 1544 Non
263 1509 356 1554 quod
368 1512 520 1556 placeret
531 1536 540 1552 ,
554 1511 611 1544 sed
627 1509 708 1554 quia
723 1509 876 1544 vetitum
891 1508 976 1544 fuit*

495 1672 815 1748 &52:3³³

426 194 811 241 rffl-ssfissffzffi--
819 208 1142 235 —e—-z-:ae-„zevv

1212 1336 1225 1506 ⁴5<4ae4;.-..*„
1220 1312 1225 1330 .-.

1217 1728 1225 1852 ---»-r—.‘
1219 1655 1225 1672 η
