1313 2367
222 131 281 164 ιο
380 117 1047 165 FAB.AE50P1ARUM

216 197 300 231 Non
316 197 493 242 improbat
508 198 581 243 ipse
592 225 602 240 ‚
616 201 657 232 ad
672 199 843 233 stabulum
854 226 864 240 ‚
876 202 1002 244 Cycno
1020 200 1054 233 &
1065 196 1191 234 Anser}

217 247 416 280 Commune
428 273 438 287 ‚
451 248 563 293 pergit
573 275 582 289 ‚
595 258 738 293 tamque
754 248 928 292 praecipiti
943 249 1050 293 gradu
1060 274 1070 290 ,

215 293 264 328 Ut
279 296 399 328 lumen
414 296 520 329 etiam
535 296 624 329 ferre
640 297 758 330 secum
775 297 926 342 negligat
940 309 948 330 ι

216 342 389 384 Quaeritat
403 356 412 382 ·,
430 344 564 377 omittit
578 345 744 378 Anserem
755 371 765 386 ,
780 347 943 390 Cycnum
962 345 1055 390 capit
1065 370 1077 388 ,

214 391 413 436 Statimque
429 393 557 426 misero
573 393 748 439 frangeret
762 403 899 439 guttur,
914 394 983 427 nisi

213 439 279 473 me
294 440 491 473 violentam
507 441 659 474 sentiens
676 452 827 475 mortem
843 441 911 475 sibi

214 488 343 522 Instare
353 515 362 530 ‚
378 499 499 523 cantus
515 489 699 524 inchoaret
713 491 876 524 funebres
887 516 898 531 ‚

215 537 421 582 suavesque
432 564 441 578 ‚
454 538 536 571 dirae
552 538 654 572 sortis
672 540 713 572 ad
728 539 906 573 solatium.

214 585 319 627 Quos
335 586 397 619 ubi
415 597 564 620 canoros
578 587 723 620 villicus
741 587 888 633 agnovit
903 586 1009 621 sonos
1024 599 1034 621 ε

214 634 297 667 Heu
313 637 319 668 !
337 645 487 679 quantus
504 646 602 669 error
617 647 672 669 me
684 662 693 676 ‚
707 636 845 680 inquit,
858 635 895 668 in
910 636 1038 670 malam
1053 645 1167 682 prope

214 682 470 717 Necessitatem
485 684 653 728 peccandi
671 683 869 725 conjecerat
885 687 892 718 Ξ

215 729 329 764 Simul
345 732 514 776 relinquit
531 734 693 776 Cycnum
705 758 714 773 ‚
730 731 866 778 jugulat
879 733 1060 769 Anserem.

265 779 363 821 Quid
377 781 501 814 blanda
516 781 629 814 virtus
646 781 764 814 suavis
780 780 993 826 eloquentiae

213 826 375 865 Praestare
391 829 524 874 possit,
538 829 598 863 ista
613 830 739 864 fabella
755 830 898 865 indicat.

350 909 1077 958 ·ss———-a”fi*a=fflss2

367 995 727 1041 FABULA
793 995 1059 1064 XXII-I.

501 1093 649 1152 Equus
677 1090 720 1137 δ’
743 1093 921 1138 Asinus.

213 1165 264 1241 ἶ
276 1217 302 1240 N
315 1217 332 1241 s
343 1216 368 1240 τ
379 1217 394 1240 1
405 1216 431 1239 N
443 1215 464 1239 c
477 1215 500 1239 τ
512 1216 540 1239 u
553 1215 570 1239 s
589 1205 674 1239 odio
685 1232 694 1247 ‚
710 1206 866 1240 calcibus
883 1205 1014 1239 infestis
1030 1206 1153 1252 Equus

213 1256 347 1290 Petivit
363 1255 512 1288 Asinum
522 1281 533 1295 ,
548 1255 581 1288 &
593 1256 741 1288 vulnere
757 1255 885 1290 afflixit
899 1254 999 1301 gravi
1013 1268 1022 1290 ε

212 1305 260 1338 At
276 1304 393 1338 medio
410 1304 448 1337 in
463 1303 535 1337 ictu
552 1303 726 1337 malefae'ti
740 1310 885 1348 poenam
901 1299 970 1337 sibi

212 1353 353 1388 Inflixit
368 1352 440 1397 ipse
455 1365 462 1386 :
480 1352 647 1386 tibiarum
663 1352 758 1386 enim
774 1353 919 1385 alteram

213 1401 371 1435 Luxavit
382 1429 390 1442 ‚
404 1400 565 1434 diffolutzi
583 1401 784 1446 cartilagine
798 1413 808 1439 ·,

213 1452 268 1484 Ita
284 1460 323 1483 ut
339 1451 498 1483 dolorem
515 1449 717 1483 saevientem
734 1460 806 1482 non
821 1449 936 1482 ferens
947 1474 959 1490 ,

216 1498 369 1533 Coactus
385 1498 491 1531 fuerit
505 1497 689 1542 languidos
706 1508 798 1530 artus
815 1497 916 1530 humi

215 1549 405 1592 Deponere
417 1573 426 1588 ,
440 1558 532 1592 aegro
549 1557 623 1579 non
638 1545 713 1579 sine
729 1546 827 1579 luein
841 1559 848 1579 :
867 1557 972 1590 quem
987 1545 1135 1589 videns‚‘

216 1597 289 1641 Ego
301 1622 310 1637 ‚
324 1596 440 1640 inquit
455 1595 584 1628 Asinus
596 1621 605 1636 ‚
619 1593 712 1628 male
729 1595 890 1627 valebam
905 1607 914 1631 ·‚
931 1595 988 1627 sed
1004 1594 1093 1629 mihi

217 1645 310 1680 Bene
326 1643 392 1677 effe
407 1643 478 1686 jam
494 1655 587 1677 nunc
603 1643 748 1687 incipit,
766 1643 845 1676 cum
861 1642 913 1675 sic
930 1642 1036 1683 jaces.

266 1691 352 1738 Laeso
369 1694 487 1728 doloris
502 1693 663 1726 remedium
679 1692 798 1724 inimici
813 1692 855 1733 est
871 1693 974 1726 dolor.

600 1804 822 1855 Q&
