1225 2367
166 140 263 191 33⁴4
328 127 484 171 ΕΑΒ.
517 123 996 169 AEsoPIARUM

339 291 728 337 FABULA
812 291 976 338 XII.
1013 325 1026 338 .

465 384 856 434 Homo&Pulex.

160 459 261 535 Pu
274 511 294 534 L
305 510 327 534 E
338 512 365 535 x
389 501 584 535 momordit
600 502 807 545 quemdam:
826 510 860 535 at
877 499 935 535 ine
951 501 1110 536 Pulicem

157 550 331 586 Prendere
348 550 518 589 studebat,
537 551 727 583 sollicitam
744 550 925 584 insinuans
940 562 1083 584 manum

158 599 274 633 Modo
291 601 360 632 huc
373 625 382 640 ,
398 599 507 633 modo
525 600 610 632 illuc
631 613 639 636 3
655 609 760 643 atque
777 600 967 644 prendebat
982 599 1087 637 nihil.

158 649 315 682 Demum
332 651 449 682 labore
465 648 580 682 vistus
597 649 706 693 longo
722 649 756 681 &
771 648 874 681 irrito
889 674 898 689 ‚

156 697 232 730 Effe
249 698 488 730 invocandum
505 697 675 737 judicavit
694 698 897 732 Herculem.

156 746 201 779 Et
217 746 402 779 invocavit
414 772 422 786 ‚
440 745 560 779 verbis
579 746 613 778 δί
627 745 845 779 solemnibus

157 794 315 840 Rogavit
326 821 335 834 ,
353 805 391 827 ut
408 795 469 839 qui
486 793 641 827 miserias
660 796 865 827 mortalium

156 842 344 888 Plerasque
359 844 483 876 tollere
495 869 503 882 ,
520 843 575 875 his
593 844 693 875 terris
708 843 787 876 cum
800 843 961 884 viveret,

158 890 403 925 Consuevisset
414 918 423 932 ,
441 903 546 936 opem
563 901 660 924 tanta
675 892 714 924 in
729 902 882 925 aerumna
897 891 964 925 sibi

156 940 292 974 Afferre
307 942 436 981 vellet,
453 940 660 984 inviaoque
676 941 804 974 robore

157 989 230 1022 Tot
246 989 398 1022 monstra
415 990 474 1033 qui
489 988 674 1030 necuiffet‚
688 990 782 1023 hunc
799 1000 942 1034 quoque
959 986 1117 1024 Pulicem
1212 1000 1225 1035 1¹,

155 1038 227 1071 Vel
244 1038 364 1082 potius
381 1048 488 1071 omne
505 1038 663 1072 Pulicum
678 1039 836 1071 aboleret
851 1049 960 1083 genus
978 1063 989 1080 ,
1164 1039 1167 1043 ’
1210 1033 1225 1052 ³

156 1087 375 1131 Facinusque
393 1086 492 1121 clava
509 1088 663 1119 crederet
676 1086 821 1131 dignum
837 1087 909 1121 sua.

157 1136 229 1169 Ubi
245 1147 332 1169 vota
347 1146 419 1169 tam
434 1135 583 1169 ridicula
594 1161 603 1176 ‚
620 1145 693 1168 tam
708 1134 819 1168 stultae
836 1146 959 1180 preces

156 1185 211 1217 Ad
227 1196 326 1218 aures
343 1195 454 1229 usque
469 1194 707 1228 pervenerunt
722 1184 886 1218 Herculis
897 1210 908 1226 ‚

158 1234 311 1267 Miratus
327 1234 387 1266 ille
405 1232 452 1266 est
465 1233 622 1267 hominis
636 1233 889 1277 impudentiam
899 1259 909 1275 ,

156 1283 346 1327 Ipsumque
363 1282 497 1327 placida
514 1281 679 1315 irrisione
695 1281 876 1327 corrigens
893 1293 904 1315 ε

157 1332 276 1374 Quam
291 1342 328 1364 tu
338 1331 498 1375 ‘reposcis
511 1356 520 1371 ,
536 1330 650 1364 nostra
665 1340 721 1363 tot
735 1330 837 1364 malis
849 1356 858 1372 ,
871 1330 938 1373 ait,

156 1382 268 1414 Clava
288 1379 500 1424 perimendis
515 1379 631 1413 bestiis
646 1379 864 1423 impar'foret
878 1392 887 1413 ε

157 1430 227 1462 Res
244 1429 377 1473 poterit
390 1438 505 1462 autem
520 1427 612 1462 forte
628 1427 769 1461 felicem
785 1428 922 1461 exitum

157 1478 315 1518 Habere,
335 1477 365 1510 si
382 1488 534 1510 recurras
553 1478 595 1510 ad
606 1477 739 1510 fulmen
754 1476 870 1510 Jovis.

207 1527 344 1559 Fabella
360 1526 527 1570 quosdam
542 1525 798 1558 homunciones
814 1525 981 1559 admonet

155 1575 261 1608 Dites
277 1600 285 1615 ‚
304 1575 471 1618 superbos
487 1600 496 1615 ,
513 1573 614 1606 sortis
632 1573 763 1607 oblitos
780 1573 848 1606 suae
859 1599 869 1614 ‚

155 1624 386 1657 incommoda
402 1634 549 1667 quaeque
562 1648 572 1663 ‚
587 1624 647 1656 vel
663 1622 768 1655 etiam
784 1621 986 1665 levissima,

156 1671 233 1706 Pati
250 1681 415 1717 negantes
429 1671 564 1715 semper
575 1697 584 1711 ‚
600 1672 641 1704 ad
655 1671 770 1703 varias
786 1670 887 1714 quasi

155 1721 240 1755 Nati
254 1732 329 1756 non
343 1719 450 1756 effent
465 1719 620 1754 miserias
631 1745 641 1762 ,
656 1729 695 1753 ut
713 1719 834 1756 ceteri.

584 1874 588 1875 γ
629 1830 677 1884 ’ἓ
