1268 2361
352 149 761 196 LIBELLUS.
954 159 1059 214 455r

103 227 146 261 V.
164 235 216 269 33.
228 225 298 260 Prae
313 237 346 258 ut
360 228 463 270 nunc]
478 227 657 264 Terentius.
674 228 752 260 Eun.
768 238 804 263 2,
823 236 859 268 3,
873 227 905 260 8.

60 269 119 303 Hic
134 270 211 303 vero
227 269 269 302 est
282 296 289 308 ,
305 271 354 312 qui
372 271 394 302 si
411 271 588 312 occeperit,
604 269 690 303 dices
707 270 810 302 ludum
826 271 857 302 ὅ(
876 270 979 311 iocum
993 296 1003 311 ,

62 313 155 346 Fuille
167 313 246 345 illum
258 312 382 345 alterum
395 339 402 352 ,
419 324 478 356 pra:
492 322 522 346 ut
537 314 621 352 liuius
637 313 735 346 rabies
750 323 816 356 quae
830 313 924 346 dabit.

104 355 136 389 F.
155 367 195 397 27
211 382 217 395 ,
232 366 263 388 v.
283 367 308 388 1.
326 356 582 398 combibonibus]
610 357 744 390 Cicero,
777 356 813 388 ad
841 356 921 389 Fam.
936 365 978 398 9,
1001 365 1056 396 25,

61 398 170 430 Habeo
186 399 436 441 (controversias
453 400 465 442 )
479 411 544 429 cum
564 402 626 429 tuis
642 399 881 433 combibonIbus.

106 441 138 475 F.
151 451 192 483 29
202 466 209 479 ,
221 452 252 474 V.
272 451 320 480 14.
336 441 446 474 Vivum
462 442 651 483 exemplum]
668 442 783 475 Cicero
794 464 804 477 ,
815 441 852 474 de
865 442 952 476 Orat.
970 449 985 484 3
1001 463 1010 477 .
1021 441 1055 476 8.

66 483 123 516 Uei
135 484 330 528 praefinttbns
345 484 492 527 exemplis
505 495 592 528 atquc
604 487 700 516 vivis.

105 527 146 562 V.
163 537 214 569 25.
232 527 507 570 Nilpromovctu]
523 528 686 561 Terentius
701 549 710 562 ‚
727 526 802 560 Eun.
823 537 855 566 5,
871 535 886 568 3
901 552 909 566 ‚
931 536 960 568 3.

696 570 796 603 Move
811 573 887 603 vero
905 580 1003 613 ocyus

147 612 196 646 Te
205 635 214 649 ,
229 613 343 646 nutrix.
355 638 363 646 .
374 638 382 645 .
399 621 515 646 moveo
524 639 532 646 .
545 638 552 646 .
564 639 572 646 .
584 613 685 646 Video
701 622 710 648 3
725 613 773 646 sed
791 612 829 645 nil
843 622 1028 656 promoves,

105 655 138 689 F.
155 664 208 697 30.
224 655 351 689 Ollreae.
368 655 408 688 La
423 656 525 689 Morte
539 681 546 692 .
564 657 583 689 l.
601 667 620 687 2
633 681 642 695 ‚
658 655 679 688 f.
698 666 747 697 15.

106 699 146 732 V.
166 708 217 740 51.
238 697 360 740 Fibrae]
379 699 451 731 Sunt
474 700 521 740 qui
545 699 732 732 contendant
752 699 780 731 in
797 707 879 732 voce
893 698 974 732 fibrae
995 698 1060 741 pri-

63 751 144 775 mani
167 741 308 785 syllabam
331 741 388 774 effe
408 740 511 774 naturil
534 741 583 774 sufi
606 741 739 784 longam.
768 741 911 774 Manilius
933 750 1058 784 tamen,

64 786 86 820 l.
104 796 115 818 1
131 811 138 826 ‚
154 795 185 818 v.
199 794 254 826 92.

149 827 328 861 Consultare
344 826 434 859 fibras
450 849 458 861 ,
474 827 506 859 8(
523 836 660 868 rumpere
676 827 806 859 vocibus
822 837 947 870 angues.

66 913 77 947 ι
109 870 142 904 F.
161 879 228 946 f31.
260 868 390 902 Libellus
426 869 484 912 flag
497 870 587 902 :iosus
609 892 620 906 ‚
658 871 691 902 ὅ(
725 869 836 905 judex.
874 870 915 904 Le
947 870 1026 903 Brun
1050 894 1062 912 ,

82 940 88 948 .
137 938 144 951 ‚
176 938 183 946 .
197 923 212 946 1
242 938 248 944 .

106 923 142 994 {a
159 924 487 998 32.⁷Latrunculorum
501 954 599 989 ludus.
625 955 760 994 Aubert‚
776 955 796 989 1.
814 966 825 988 1
837 980 846 994 ‚
861 955 881 989 f.
901 966 930 997 3.
955 957 1061 999 Quem

66 1000 230 1042 sapientem
244 999 327 1041 aeque
343 1009 377 1031 ac
393 998 560 1041 elegantem
583 1006 707 1040 poetam
726 1002 830 1031 vivum
846 1000 1061 1041 vigentemque

66 1042 199 1086 gratulor
213 1041 317 1075 Galliae
334 1053 344 1077 3
361 1049 451 1084 atque
473 1042 542 1073 mihi
558 1042 715 1073 condonet
727 1051 839 1083 precor
851 1065 860 1079 ,
874 1041 958 1084 quoti
971 1041 1063 1074 fabu-

67 1087 110 1119 las
125 1085 189 1127 ejus
203 1084 321 1127 aliquot
335 1093 421 1117 more
435 1084 595 1127 modoque
611 1093 682 1117 meo
698 1084 903 1126 exposuerim.

256 1170 346 1202 AD
395 1169 684 1201 LIBRUM
730 1168 871 1204 XIV.

70 1227 155 1290 ΕΑ
168 1266 202 1290 Β.
223 1265 251 1290 1.
269 1255 375 1299 Spicae‘
392 1255 434 1288 Le
447 1255 550 1288 Noble
564 1279 572 1291 ‚
589 1255 608 1289 f.
627 1266 677 1288 11.

114 1299 145 1332 F.
164 1310 194 1333 2.
208 1298 296 1332 Persa
312 1299 390 1341 apud
407 1298 531 1332 Gallum
549 1299 669 1341 hospes.
684 1298 867 1338 D'Arclene,
884 1297 904 1331 f.
921 1307 973 1338 14.

114 1342 155 1376 V.
172 1353 223 1375 10.
244 1341 418 1384 Toxicum]
441 1341 634 1381 columella,
655 1342 674 1374 l.
692 1352 750 1377 10,
766 1341 817 1374 suh
838 1341 888 1375 fin.
913 1341 951 1375 de
975 1341 1062 1375 malis

69 1386 195 1428 persicis
213 1396 222 1417 t

497 1427 578 1470 Qnae
591 1426 717 1459 barbara
732 1425 830 1460 Persis

159 1471 300 1511 Miserat,
314 1478 346 1503 ut
359 1470 438 1503 fama
453 1470 495 1503 est
507 1493 515 1505 ,
531 1471 630 1513 patriis
643 1480 755 1502 armata
770 1469 914 1507 venenis,

161 1515 344 1548 Ambrosios
359 1514 492 1556 praebent
505 1513 614 1546 succos
625 1538 632 1551 ‚
649 1512 740 1546 oblita
754 1512 897 1546 nocendi.

116 1557 150 1591 F.
168 1566 197 1600 3.
211 1557 308 1590 l'ulex
322 1558 354 1590 δε
367 1556 484 1589 Homo.
499 1555 657 1589 Romamn
669 1582 677 1596 ,
691 1566 772 1588 coin.
791 1566 810 1588 2
825 1578 834 1591 ‚
845 1556 902 1589 ast.
921 1566 935 1595 5
949 1581 958 1596 ‚
975 1555 1015 1589 sc.
1030 1566 1065 1596 4.

118 1601 158 1633 V.
175 1600 230 1634 ult.
246 1600 389 1642 Noxiae]
407 1599 440 1632 ld
455 1599 497 1632 est
509 1623 518 1635 ,
545 1600 669 1633 damno.
693 1598 794 1631 §.ix-ies
807 1624 815 1638 ,
830 1609 891 1637 41,
913 1607 967 1639 23.
988 1599 1065 1630 Sine

74 1643 170 1675 ullius
194 1655 295 1675 eorum
311 1669 319 1683 ,
345 1655 419 1686 quos
441 1644 566 1678 oderat,
590 1644 698 1675 noxii.
721 1641 900 1680 Terentitli,
917 1641 997 1675 Hec-
1021 1650 1066 1684 3,

77 1696 92 1719 1
155 1697 188 1720 0.

108 1712 117 1727 ’
135 1697 248 1762 3Pueri
262 1729 338 1762 inter
351 1729 411 1762 sese
425 1728 515 1772 quam
530 1737 586 1771 pro
602 1727 721 1760 levibus
736 1727 833 1760 noxiis
850 1727 906 1759 iras
920 1734 1025 1769 gerunt
1040 1729 1049 1761 Ξ

119 1771 151 1804 F.
165 1782 198 1812 4.
214 1772 299 1804 Aves
315 1771 463 1814 deceptae.
484 1771 524 1804 Le
543 1771 659 1809 Noble,
674 1771 695 1803 i.
710 1770 763 1810 46.

121 1814 153 1847 F.
171 1814 336 1854 5.Villicus
352 1816 384 1847 ὅ(
409 1817 520 1847 canes.
548 1814 672 1852 Richer,
687 1813 707 1848 l.
736 1823 775 1846 12
791 1838 800 1854 ,
815 1812 834 1845 f.
849 1823 880 1846 2.
907 1811 1066 1847 Camerar.

115 1867 167 1899 23.
181 1857 310 1890 Faernus
320 1881 329 1893 ,
342 1857 364 1891 f.
376 1858 431 1891 86.
445 1857 544 1900 Targa
557 1882 565 1895 ‚
581 1855 601 1889 f.
619 1865 673 1897 79.

122 1901 152 1933 F.
167 1900 200 1935 6.
214 1900 237 1934 E
261 1902 290 1933 ui
305 1900 380 1934 duo.
395 1901 585 1934 Camerarius
596 1924 603 1937 ‚
618 1898 640 1931 f.
658 1907 730 1939 311.

120 1943 163 1990 Y.
179 1955 210 1980 2.
257 1943 412 1988 tilitates]
427 1943 560 1980 Cicero,
575 1941 626 1978 ad·
640 1941 707 1976 Att.
720 1951 742 1984 7
751 1962 761 1979 ³
779 1950 809 1984 ς.
821 1939 987 1973 Μίναόἱῖθδ
1000 1940 1068 1976 uti*

75 1857 99 1892 f.
