1225 2367
1053 52 1079 81 t

220 125 307 172 218
376 126 529 169 ΓΑΒ.
566 125 1056 176 AESOPIARUM

215 208 260 239 Et
275 209 320 239 his
337 208 473 239 dolorem
493 208 642 240 delenivit
659 210 799 242 remediis
813 220 824 241 .·

213 256 314 289 Felix
326 282 333 295 ‚
353 257 413 300 qui
426 256 539 289 Sortis
552 257 681 301 asperae
698 257 962 293 inclementiam

212 305 299 337 Tam
316 305 414 338 suavi
432 304 543 338 studio
561 306 720 350 mitigare
737 307 878 340 noverit
893 320 903 346 ·‚

211 353 430 397 Feliciorque
442 380 450 394 ,
464 354 494 386 si
510 365 701 398 numquam
712 381 722 395 ,
738 355 808 388 hoc
824 356 900 399 ipso
917 355 1007 390 male

209 403 365 443 Abusus,
383 402 480 435 illam
498 402 564 436 sibi
579 402 712 436 feciffet
730 404 885 447 asperam
902 408 909 439 Ξ

335 496 359 520 (ς
595 482 814 530 ἓήΚῶὲΞ-ΰ

445 569 475 613 F
509 569 549 614 A
587 568 621 614 Β
659 569 704 614 U
738 569 775 615 L
807 570 848 615 A
930 569 961 614 I.

516 664 654 710 Glires
674 663 717 710 fr
733 667 891 727 Fagus.

206 739 274 814 P
279 790 304 814 R
317 789 341 813 ο
355 790 375 814 c
389 790 411 813 E
423 789 448 813 R
459 789 485 812 A
503 780 614 824 Pagus
630 778 797 814 frustibus
815 779 934 816 Glires
950 780 1020 815 suis

202 829 407 863 Enutriebat
424 856 431 866 ,
452 829 485 862 ἃ
502 839 591 862 cavo
609 828 716 861 etiam
735 830 899 863 conditos

200 880 344 912 Trunco
361 879 499 923 tegebat
510 903 518 918 ‚
533 878 756 910 commodam
773 879 930 922 praebens
946 879 1092 913 domum
1105 891 1117 914 τ

200 928 416 961 Adscendere
433 936 551 960 tamen
567 926 673 959 toties
689 953 698 967 ,
717 937 755 959 ac
773 927 977 961 descendere
991 954 1001 970 ,

201 976 326 1009 Viffis
342 975 484 1020 petendi
499 976 607 1020 gratia
627 1001 634 1015 ,
652 975 803 1021 ignavos
820 975 916 1020 piget
930 988 940 1014 3

201 1027 379 1068 Suamque
395 1026 534 1058 demum
550 1024 706 1057 altricem
721 1023 875 1057 statuunt
888 1024 991 1069 impii

200 1076 378 1107 Evertere.
398 1073 534 1106 Omnes
551 1084 635 1117 ergo
651 1099 661 1113 ‚
680 1071 807 1113 junstis
823 1073 957 1107 viribus
969 1099 980 1115 ‚

200 1122 362 1156 Effodere
378 1132 529 1162 certant,
542 1120 740 1165 strenuique
755 1148 764 1162 ‚
782 1122 941 1156 dentium

201 1173 301 1215 Saepe
317 1171 475 1215 repetitis
490 1170 619 1204 circum
636 1170 772 1203 abrosas
789 1170 915 1204 iecibus
929 1197 940 1212 ‚

200 1221 336 1264 Stirpes
354 1221 511 1253 recidunt
525 1231 535 1257 3
551 1220 681 1260 donec,
698 1219 985 1264 oppugnantibus

201 1269 354 1313 Impulsa
369 1268 486 1302 ventis
497 1295 506 1308 ,
520 1269 544 1302 F
548 1279 632 1312 agus
646 1267 772 1301 infelix
786 1278 877 1302 ruat.

202 1320 295 1352 Tum
312 1317 444 1363 glandis
456 1343 464 1358 ‚
479 1316 531 1350 illi
546 1316 647 1350 facile
662 1316 802 1361 quidem
812 1344 822 1358 ‚
837 1327 1006 1362 quantum
1018 1317 1170 1364 νοῙῑιῐιε,ι
1189 1315 1193 1317 “

203 1368 396 1400 Comedere
413 1365 553 1410 poffunt
568 1379 575 1399 :
591 1366 649 1399 sed
663 1365 723 1399 ubi
736 1367 964 1411 consumptus
979 1365 1047 1400 fuit

202 1417 399 1450 proventus
414 1415 550 1455 omnis,
565 1426 639 1448 non
655 1414 737 1448 alias
754 1416 889 1449 rursum
905 1416 1010 1459 dapes

203 1465 409 1509 suppeditat
424 1465 528 1497 arbor
541 1463 718 1496 exsiccata
733 1463 913 1497 funditus:

201 1513 389 1557 Gliresque
406 1514 547 1546 tandem
560 1513 665 1556 longa
681 1511 790 1545 fames
805 1513 900 1558 cogit
916 1513 1021 1550 mori.

247 1561 434 1597 Benefico
425 1571 580 1608 ingratus
598 1560 658 1605 qui
672 1571 795 1602 nocet,
810 1572 915 1596 nocet
931 1562 1014 1600 sibi.

530 1720 854 1796 &W
