1268 2361
139 98 314 151 'LIBER
349 114 610 151 chmws
647 113 902 150 TERTIUS.
945 112 1038 165 305

42 185 125 220 'Hoc
141 185 216 230 ipso
234 185 270 219 in
287 197 348 220 ore
359 212 368 227 ‚
386 186 482 231 quod
495 184 623 231 refugit
637 185 841 219 abominans
856 197 864 220 :

44 234 193 279 Hucque
207 245 323 268 tamen
333 261 343 276 ,
357 236 423 269 huc
438 235 507 277 jam
521 246 595 268 non
607 235 796 280 confugere
811 245 884 268 non
900 232 1012 278 potest
1026 243 1046 269 t

43 282 87 315 Et
101 293 216 317 morte
232 283 330 328 peius
346 284 472 318 mortis
488 284 603 318 obviae
620 295 755 317 moram
771 310 780 323 ‚

43 331 219 375 Infatuata
234 359 242 373 ‚
260 334 390 366 malum
405 332 601 373 existimat,
620 343 685 366 nec
702 332 841 366 sustinet
855 344 865 370 3

43 379 91 411 At
107 379 144 412 in
160 381 357 425 sepulcrum
368 407 378 423 ‚
396 383 491 426 quod
507 381 575 415 sibi
591 390 751 426 paratum
770 382 869 415 videt

44 427 171 470 Hiare,
187 430 256 463 sese
273 430 389 473 capite
405 441 521 474 prono
539 429 696 472 conjicit.

93 477 217 511 Trahit
230 479 416 522 aliquando
432 479 562 512 vitium
573 505 582 520 ,
600 481 659 512 vel
675 477 789 513 formai
804 477 893 512 truci

44 524 224 561 Horribile
240 541 247 562 :
263 527 347 572 quid
360 538 438 574 agat
452 529 566 573 specie
580 527 702 562 blanda
718 528 900 561 subdolum
915 527 935 563 2¹

221 703 624 748 FABULA
721 704 860 749 III.

375 795 711 845 CervaGBos.

45 870 143 946 PE
155 922 180 946 R
195 911 309 946 viride
326 920 463 956 pratum
484 913 596 945 Cerva
613 912 691 946 cum
708 923 838 947 erraret
851 939 861 955 ,
878 912 1028 948 Boven'-

43 961 215 1006 Adspexit
227 962 343 995 herbis
359 959 576 994 reficientem
591 962 625 994 se
642 962 748 996 novis
763 975 771 997 z

45 1010 207 1051 Accedit,
227 1011 261 1043 8<
277 1010 327 1044 sic
343 1010 477 1055 alloqui
496 1010 594 1054 prior
610 1010 734 1054 incipit
752 1024 762 1045 2

44 1059 143 1093 Nihil
161 1058 296 1093 audiisti
313 1060 354 1092 de
370 1059 523 1092 facinore
537 1059 651 1092 nobili

45 1107 176 1141 Leonis
187 1133 197 1149 ‚
213 1109 270 1141 hic
286 1108 347 1153 qui
363 1118 486 1153 regnat
499 1107 536 1141 in
551 1108 682 1142 vicinia
695 1134 704 1150 ‚

43 1155 88 1189 Et
103 1157 237 1190 montis
253 1158 295 1190 ad
310 1156 460 1190 radicem
478 1157 514 1190 in
530 1157 637 1190 exeso
651 1157 755 1201 specu

46 1205 146 1238 Solet
161 1205 317 1239 habitare
331 1207 345 1240 ,>
361 1206 480 1238 laudes
496 1204 571 1246 ejus
585 1205 724 1238 inclitas

47 1253 181 1287 Omnia
193 1254 388 1287 etiamnum
403 1254 568 1287 resonant
586 1266 596 1291 ·‚
615 1254 648 1286 &
665 1252 823 1298 quotidie

44 1302 172 1347 Ingens
189 1304 230 1336 ad
246 1303 360 1347 ipsum
372 1328 381 1343 ‚
400 1302 593 1346 gratulandi
610 1303 718 1347 gratia
733 1328 742 1344 ,

47 1351 213 1395 Undique
230 1362 370 1384 caterva
385 1351 578 1384 belluarum
594 1350 743 1384 confluit
757 1364 766 1385 :

47 1399 209 1444 Cumque
227 1400 434 1445 generosum
449 1401 600 1444 praedico
612 1426 620 1441 ‚
639 1400 750 1433 sciens
764 1401 893 1446 loquor
908 1413 928 1439 3-

46 1448 113 1481 Rei
130 1449 246 1482 omnis
263 1449 344 1482 aftae
361 1460 486 1493 magna
502 1460 628 1493 nempe
645 1460 724 1493 pars
740 1449 803 1484 fui.

45 1497 137 1530 Nam
159 1498 230 1531 sola
246 1509 356 1542 nuper
373 1498 541 1542 proximo
558 1498 595 1530 in
612 1498 699 1531 saltu
713 1498 841 1532 famem

46 1545 172 1579 sedare
189 1548 270 1580 dum
287 1558 408 1591 quaro
422 1547 578 1591 apicibus
594 1547 792 1582 tenerrimis

46 1593 339 1634 Ramusculomm
351 1622 360 1636 ‚
374 1595 488 1628 noster
505 1595 652 1629 accurrit
665 1596 740 1629 Leo

47 1642 224 1686 Repente,
248 1644 282 1677 &
298 1644 461 1677 inscienti
478 1644 512 1677 se
529 1644 616 1677 mihi
633 1644 757 1686 objicit
770 1671 779 1686 ‚

49 1691 254 1736 Clausaeque
269 1693 384 1726 densis
400 1693 483 1725 hinc
501 1693 534 1726 &
547 1693 628 1726 hinc
644 1692 830 1727 arbusculis
844 1706 866 1732 3·

22 1770 25 1772 .
49 1739 93 1772 Et
110 1739 181 1783 ipse
198 1740 346 1783 spatium
364 1743 463 1775 callis
477 1741 609 1786 angusti
622 1753 797 1785 occupans
813 1767 823 1782 ,

51 1787 236 1821 Praecludit
251 1800 393 1822 ornnem
410 1800 552 1833 prorsus
569 1790 700 1834 effugio
716 1790 825 1823 viam.

53 1837 254 1875 Cohorrui3
271 1838 304 1870 ὅ(
323 1838 442 1882 (quod
459 1838 655 1883 supererat)
675 1838 797 1871 misera
812 1837 933 1873 accidi·

51 1884 157 1931 Regis
174 1885 326 1920 famelici
342 1887 383 1920 ad
397 1887 501 1931 pedes
513 1912 522 1929 ,
537 1887 680 1932 genibus
697 1885 839 1924 minor„
