1287 2367
227 82 292 146 84
391 81 544 130 FAB.
576 80 1061 134 'AEsoPIARvM

224 166 393 201 Suaderet
408 165 508 200 aestus
518 192 527 208 ,
543 167 692 200 detrahit
707 167 839 201 vestem
855 168 922 202 sibi
935 195 946 211 ,

223 216 270 249 Et
281 215 407 249 ceteris
423 226 566 260 quoque
582 216 843 260 impedimentis
856 228 934 250 eam

223 265 312 298 Non
327 263 460 298 dubitat
476 265 578 310 super
594 265 751 310 ingerere
761 291 773 306 ,
785 265 833 298 nil
849 267 932 299 dum
948 263 1151 311 suspicans.'

225 313 373 356 Quanto
391 325 502 358 prope
518 313 601 347 effet
617 313 751 355 baiulus
768 314 893 348 infelix
907 316 1003 348 malo

224 363 277 396 Ut
293 361 527 396 conficeretur
542 362 704 407 denique.
722 362 914 396 Enimvero
929 363 970 396 in
979 363 1042 398 via

226 410 349 445 Grave
366 410 620 444 offendiculum
636 411 714 445 esim
729 410 901 446 fefelliss‘et
915 414 1039 456 pedem
1053 437 1068 454 ‚

225 460 339 494 Simul
357 460 416 493 ille
431 459 541 501 cadit,
558 460 592 493 &
607 460 741 494 sarcina
756 459 937 504 oppreffus
953 461 1059 505 perit.

276 508 351 553 Qui
366 508 535 543 minimus
545 534 557 551 ‚
570 509 660 553 saepe
676 509 830 543 summus
847 508 895 544 est
909 510 993 544 mali
1008 510 1149 556 gradusj

423 676 454 719 F
478 673 518 719 A
545 675 579 720 B
612 675 658 720 U
684 675 720 719 L
745 673 784 718 A
851 674 900 721 X
925 678 943 722 Ι
967 678 1025 722 V.

340 770 497 831 Mufia
512 805 529 828 ,
550 770 792 826 Trochilus,
815 767 859 815 G·
879 769 1110 836 Trofficlu5.'

360 604 384 628 (Β
1065 601 1101 632 ὓκ

229 844 334 923 AE
348 896 366 920 s
377 895 400 920 τ
412 895 439 919 Α
450 895 474 919 τ
485 895 506 919 E
524 884 639 919 media
659 883 826 918 concitati
840 885 902 920 sex
916 887 998 931 equi
1014 912 1024 928 ‚

226 937 378 970 Currum
393 936 568 969 trahentes
587 961 596 976 ‚
612 945 712 979 putre
729 934 928 979 quatiebant
943 936 1056 969 solum
1072 941 1086 979 ‚'

225 985 436 1029 claramque
452 984 558 1018 denso
574 985 719 1028 pulvere
735 984 895 1029 tegebant
911 983 1016 1019 diem.

225 1033 386 1067 Temone
403 1033 441 1066 in
456 1033 533 1077 ipso
550 1032 664 1066 tenuis
681 1032 813 1066 interea
829 1033 948 1066 sedens
965 1045 975 1066 t

224 1082 262 1116 O
279 1092 428 1127 quantus
445 1107 455 1122 ‚
471 1082 589 1126 inquit
604 1081 745 1122 Musca,
763 1082 892 1125 premit
907 1093 1017 1126 equos
1030 1082 1156 1125 Iahon

224 1131 459 1176 Quantusque
474 1130 578 1164 sudor
593 1130 713 1174 irrigat
729 1156 738 1171 ,
755 1131 837 1163 dum
853 1141 909 1163 me
925 1131 1065 1164 trahunt
1081 1133 1089 1166 Ξ

223 1180 282 1214 Sic
299 1179 508 1224 praevalenti
521 1179 600 1213 cssim
614 1179 729 1211 sedere
742 1180 820 1212 vult
832 1181 926 1212 trabe
943 1205 951 1220 ‚

223 1229 316 1272 Quae
333 1228 490 1274 quinque
506 1228 648 1272 opimos
663 1226 768 1260 facile
785 1226 946 1261 sustineat
961 1229 1072 1263 boves
1089 1253 1106 1271 ,

221 1277 375 1311 Pusillus
393 1278 471 1318 ille,
488 1288 533 1310 ex
549 1277 670 1309 alitum
688 1285 790 1320 gente
806 1274 930 1310 infima
945 1302 954 1318 ,

223 1326 411 1361 Praetentat
426 1326 523 1359 illam
538 1325 724 1358 Trochilus
738 1351 747 1366 ‚
764 1324 797 1358 &
813 1324 988 1368 supersilit

221 1375 358 1409 Similis
375 1375 536 1415 timenti,
553 1374 641 1407 ferre
658 1385 701 1407 ne
718 1373 752 1406 se
769 1383 842 1406 non
859 1384 976 1418 queat.

222 1424 284 1457 Sic
301 1423 498 1467 impudenti
515 1422 758 1456 Troffulorum
774 1423 815 1454 de
832 1433 935 1467 grege

222 1472 361 1517 Aliquis
377 1498 389 1513 2
403 1472 542 1515 ineptus
558 1497 567 1511 ‚
585 1470 793 1504 administris
809 1470 936 1515 imperi

221 1520 375 1554 Multfim
391 1521 555 1553 exhibere
571 1519 606 1552 se
623 1518 759 1564 negotii
774 1529 890 1565 putat,

221 1569 296 1614 Qui
310 1596 320 1612 ,
335 1569 437 1605 vivat
453 1569 512 1604 ille
528 1579 572 1603 an
588 1578 746 1602 mortuus
763 1567 828 1609 sit,
842 1567 1015 1605 nesciunt.

619 1731 812 1797 ³&ss
