1268 2361
0 0 36 33 ,ΠΡ
436 2 453 15 ⁸

207 116 438 160 LIBER
491 127 856 172 DysctMth.
931 133 1025 181 237

34 192 104 229 Eos
119 203 236 229 tamen
249 221 259 235 ‚
275 196 441 240 deceptus
457 186 627 241 exemplo
641 206 704 231 tuo
719 224 728 239 ‚

36 242 193 277 Prodesse
209 244 297 277 mihi
314 254 383 278 tam
399 244 495 290 poffe
507 271 516 286 ,
533 245 637 290 quam
653 246 739 288 tibi,
757 247 900 283 credidi.

163 350 187 373 ·c
490 335 573 382 iffa

183 421 213 465 F
242 421 282 465 A
311 421 343 465 B
379 422 423 466 U
458 422 494 467 L
522 423 563 466 A
629 422 676 468 Χ
704 422 750 467 Χ
773 422 818 468 Χ
842 425 874 470 Ι.

238 514 420 561 Gallina
442 519 605 577 plumis
620 519 828 578 spoliata.

870 350 892 374 3·

42 585 161 665 ΘΑ
173 639 193 663 t
205 639 224 663 L
236 639 250 663 1
263 639 288 662 N
300 639 326 663 Α
338 639 373 663 Μ
390 630 509 675 vulpis
526 642 687 676 rapuerat
700 634 858 668 famelica
872 646 883 672 ;

7 717 13 719 ‚
38 678 112 712 Nec
127 678 314 719 sustinens,
331 680 412 712 dum
430 690 507 713 tuto
526 682 703 714 manderet
718 683 807 716 hanc
824 684 931 724 loco,

38 727 161 760 Moras
178 728 300 760 breves
312 752 321 767 ‚
337 729 535 771 plumarum
550 728 619 770 jam
635 730 849 773 spoliaverat

39 773 118 808 Plus
133 785 228 821 parte
246 776 372 809 media.
389 776 535 810 Facinus
552 778 702 811 advertit
715 779 835 816 canis;

38 823 201 857 Accurrit
217 836 227 862 ·‚
245 824 282 858 in
297 825 498 868 praedonem
514 826 705 860 vehemens
723 827 824 860 irruit
837 852 847 868 ‚

39 871 230 917 Avidisque
249 873 400 917 praedam
416 883 606 919 extorquet
623 875 674 908 illi
690 885 709 908 e
726 875 901 912 dentibus.

0 928 1 962 ς
42 920 182 955 Gallina
199 920 292 955 male
310 923 458 955 mulcata
475 923 553 955 cum
569 934 708 968 gentem
725 925 767 958 ad
783 925 878 958 suam

0 964 1 1029 ᾖ
39 969 204 1003 Rediret:
224 969 258 1003 O
276 971 413 1003 sorores
428 996 434 1010 ‚
451 970 554 1014 quam
568 983 690 1015 parum
707 973 838 1013 abfuit,

0 1039 1 1052 η
41 1018 140 1061 Quin
153 1017 225 1051 dira
240 1018 346 1052 vobis
357 1044 366 1060 ‚
381 1018 515 1063 inquit,
532 1019 685 1063 eriperer
701 1032 787 1054 nece
804 1024 812 1055 !

41 1067 135 1101 Hinc
151 1066 242 1100 forte
256 1066 293 1099 in
308 1078 409 1111 agros
427 1068 607 1110 paululum
623 1069 834 1103 diverteram
851 1081 862 1104 ε

43 1115 214 1149 Scelerata
230 1116 347 1160 vulpis
364 1127 420 1149 me
438 1116 726 1160 nec—opinantem
744 1118 835 1162 rapit
850 1143 861 1159 ,

43 1164 299 1208 Miser-amque,
315 1164 450 1198 validus
468 1164 503 1197 ni
521 1166 615 1198 canis
630 1166 861 1206 succurreret,

42 1211 218 1246 Voraffet.
237 1213 327 1245 Exin
344 1223 535 1254 memorat,
552 1213 714 1247 flebiliter
729 1225 871 1258 gemens
885 1240 896 1255 ,

44 1260 222 1294 Gravibus
239 1261 333 1294 suam
348 1272 490 1294 omnem
504 1263 605 1294 Sorte
621 1263 660 1294 ab
676 1261 797 1303 iniust&
814 1263 916 1297 malis

45 1310 162 1352 Quam
178 1309 267 1353 saepe
280 1308 348 1349 iam
365 1309 452 1342 olim
465 1310 616 1343 doluerit
628 1310 738 1343 vitam
756 1312 933 1355 opprimi:

44 1358 89 1391 Et
103 1358 220 1391 verbis
231 1384 239 1398 ‚
256 1367 295 1390 ut
311 1358 489 1390 dolentum
507 1369 584 1390 mos
599 1358 645 1391 cst
656 1385 665 1399 ‚
679 1360 807 1403 asperis
818 1385 828 1401 ,

47 1407 228 1451 Etiamque
242 1405 348 1450 paulo
365 1405 698 1450 significantioribus
711 1433 720 1448 ‚

47 1456 157 1489 Suum
172 1464 325 1487 renarrat
337 1454 571 1487 infortunium
591 1466 711 1489 recens
723 1482 732 1496 ,

49 1502 201 1537 Dulcem
216 1502 372 1536 excitare
389 1502 534 1546 cupiens
555 1503 843 1540 misericordiam.

51 1554 182 1586 Contra
199 1551 256 1585 sed
269 1552 336 1584 '111ae
353 1551 402 1584 sic
420 1551 614 1595 glocientes
632 1553 810 1586 clamitant
826 1567 836 1587 z

50 1601 142 1646 Fuge
156 1599 254 1640 hinc,
273 1599 391 1643 inepta
405 1624 415 1640 ‚
431 1611 510 1633 cum
527 1600 594 1633 tuis
609 1601 840 1644 querimoniis
856 1614 867 1640 ;

51 1649 203 1693 T-ibique
219 1649 309 1691 apud
325 1658 407 1681 aves
424 1659 539 1692 quaere
556 1650 733 1694 deplumes
749 1652 868 1683 locum
881 1662 892 1684 ι

51 1697 90 1730 Si
107 1697 232 1730 misera
248 1707 284 1729 es
295 1722 304 1736 ‚
320 1696 391 1739 ipsa
403 1721 412 1737 ‚
429 1697 598 1740 quidquid
613 1698 754 1731 advenit
769 1698 872 1739 mali,

51 1745 135 1778 Tibi
151 1744 328 1777 advocasti
343 1745 500 1778 moribus
517 1745 666 1779 indofitis
682 1746 750 1779 tuis
766 1759 774 1779 :

54 1794 216 1837 cumque
232 1803 271 1825 ea
287 1803 471 1836 parumper
484 1803 644 1828 renueret
659 1820 668 1833 ‚
682 1794 860 1828 ferociunt
873 1819 883 1835 ‚

54 1842 256 1885 Rostrisque
274 1841 374 1874 saevis
391 1841 533 1886 abigunt
545 1868 554 1882 ‚
569 1844 758 1876 extrudunt
770 1842 878 1876 foras.

106 1890 176 1925 Ubi
192 1889 239 1925 est
253 1889 428 1924 calamitas
442 1915 452 1932 ‚
469 1889 536 1925 effe
552 1890 602 1925 ibi
618 1892 719 1937 culpa
734 1890 897 1927 creditur.
