1225 2367
169 122 264 169 204
328 110 481 154 ΕΑΒ.
514 109 996 156 ΑΞςοΡιΑιευΜ

163 192 204 225 In
218 192 280 225 has
296 191 473 225 incurrere
487 191 630 226 insidias
647 203 803 236 quonam
818 193 927 227 modo

164 239 326 274 Potueris
337 266 347 281 ,
363 251 430 285 ego
446 240 605 284 profesto
621 242 708 274 scire
725 241 910 284 pervelim.

216 288 316 323 Ohe!
335 291 501 322 reclamat
518 289 647 333 Vulpis
661 289 848 333 impatiens
865 299 995 328 morae.

163 338 266 370 Nunc
282 337 343 370 ista
359 338 478 372 desine
492 364 501 378 ,
520 338 638 382 quaeso
653 351 660 370 :
679 349 735 371 me
750 337 903 381 primam
918 337 1063 381 adjuvass

165 387 219 418 Ex
232 387 301 419 hoc
315 386 471 430 periculo
487 396 526 419 ut
542 387 683 419 reducar
700 386 817 419 ocins:

165 434 250 468 Tibi
267 434 380 467 nostra
393 445 469 467 tum
486 435 603 467 omnis
620 434 763 467 historia
779 434 986 469 narrabitur.

217 483 415 516 Periculosa
431 494 473 516 ne
488 483 699 516 beneficium
714 483 812 516 mori!

167 532 366 576 Corrumpe
381 533 497 566 lentus
515 544 525 570 ·‚
542 542 577 566 at
591 531 675 574 juva
690 530 763 566 eico
778 558 788 572 ‚
805 542 910 576 quem
923 530 1044 574 juvas.

307 627 331 652 ·ε

325 699 727 745 FABULA
811 696 1011 744 XXI,

410 796 598 840 Viatores
615 795 699 838 duo
718 791 760 839 ὃ
778 794 921 839 Latro.

572 612 1028 661 &zm-m>

167 867 262 944 D
270 919 297 943 υ
310 917 335 942 0
352 908 519 942 Viatores
536 909 618 942 dum
634 907 739 942 simul
754 907 889 942 faciunt
904 906 999 951 iter*

166 958 391 1002 Marsupium
407 969 497 991 unus
514 957 642 1001 reperit
658 959 801 1001 plenum
817 957 944 992 aureis.

166 1007 229 1039 Eia
240 1033 248 1047 ,
265 1007 381 1051 inquit
393 1033 401 1047 ‚
419 1008 523 1047 alter,
538 1006 575 1039 in
591 1017 777 1039 commune
791 1009 797 1040 !
817 1006 884 1039 Sed
899 1004 989 1040 lucri

166 1056 232 1089 Ille
249 1067 351 1100 negat
367 1057 474 1089 ullam
490 1054 585 1098 poffe
602 1055 635 1088 se
650 1065 785 1098 partem
801 1055 881 1087 dare
898 1065 909 1093 ;

166 1104 371 1148 Totumque
384 1103 458 1145 jure
475 1103 537 1136 uni
553 1104 797 1136 reservandum
814 1103 882 1136 sibi

166 1152 362 1186 Contendit
373 1163 483 1194 ,unus
501 1152 579 1185 esim
595 1152 667 1195 ipse
684 1151 729 1184 sit
743 1177 752 1191 ,
770 1152 834 1195 qui
848 1150 1040 1188 invenerit.

165 1201 303 1235 Interez'x
320 1201 460 1246 utrique
475 1211 626 1233 armatus
640 1201 794 1233 occurrit
807 1200 925 1233 Latro.

165 1251 403 1283 Nummorum
420 1260 503 1282 tunc
519 1247 706 1293 poffess‘or:
724 1248 802 1289 Eia,
819 1249 1000 1282 dexteram

166 1299 321 1338 Confer,
336 1298 411 1336 air,
426 1298 572 1342 vimque
588 1297 626 1330 vi
643 1298 874 1341 repellamus:
893 1298 981 1330 duos

165 1347 250 1380 Non
266 1348 385 1380 vincet
401 1346 654 1390 u11us.Pauper
670 1356 703 1379 at
719 1345 839 1379 retulit
853 1356 1002 1380 comes.

163 1397 249 1428 Non
262 1395 351 1429 tanti
368 1394 437 1428 est·
455 1394 538 1439 quid
554 1396 648 1429 enim
667 1394 782 1440 possit
796 1393 853 1427 hic
868 1405 985 1427 vacuo
1002 1392 1096 1428 mihi.

163 1445 332 1488 Abripere
350 1447 362 1479 ?
381 1444 437 1476 sed
453 1454 510 1484 tu,
525 1444 650 1477 habere
665 1444 725 1488 qui
741 1443 835 1475 solus
851 1443 985 1476 bonum

166 1492 333 1528 Volueris
349 1518 359 1535 ,
375 1492 468 1526 solus
484 1491 559 1535 jure
575 1503 668 1526 nunc
683 1493 814 1526 malum
833 1490 938 1528 feres.

495 1651 812 1799 QZQW
