1287 2367
218 74 296 128 86*
379 78 531 123 ΓΑΒ.
564 75 1056 124 ΕεσΡῐΑιισιιὲ

214 160 421 205 Animoque
436 159 576 204 penitus
592 159 651 193 ille
667 157 738 199 iam
754 169 935 204 receperat

214 210 380 244 Monitu5
398 219 563 253 paternos
578 234 588 250 ,
606 209 640 241 &
656 207 884 242 reluCtantem
900 207 987 244 licet
999 235 1011 252 ,

214 260 270 293 Ad
284 258 545 303 obsequendum
561 258 788 301 comparabat
804 256 973 292 indolem.

213 309 262 341 At
278 318 361 342 ecce
375 333 384 349 ‚
402 319 478 351 quae
495 307 569 341 fors
585 307 817 350 dereliquerat
832 317 974 353 gregem

212 357 521 401 Deerraveratque
535 381 548 396 ,
561 355 617 388 his
633 355 779 389 interim
793 355 985 399 adspicitur
1001 354 1083 389 ovis
1099 366 1113 390 z

213 405 400 450 Simulque
419 405 537 438 vietus
555 404 661 438 cessit
678 430 687 445 ,
705 415 747 438 ac
763 405 911 438 evanuit

212 454 325 488 Amor
338 453 528 487 honestatis
544 479 555 494 ‚
571 452 670 494 cujus
688 454 723 486 in
740 454 824 487 loco
839 452 971 487 exstitit

213 503 325 537 Saevae
343 502 545 546 rapacitatis
560 527 569 544 ,
587 502 691 536 caedis
709 501 827 547 impiae

212 551 343 586 Libido
360 552 502 586 visti-ix,
520 550 648 586 Subito
663 552 705 584 ad
719 552 870 595 praedarn
888 549 1040 584 curritur
1056 562 1066 585 ε

213 601 364 646 Capitur
378 627 387 641 ‚
404 610 550 634 necatur
563 627 572 642 ‚
590 600 766 634 manditur
781 601 906 634 misera
922 599 1044 633 bidens
1061 611 1070 633 ε

212 649 314 683 Bona
329 650 398 683 huc
415 650 566 683 consilia
582 649 748 683 recidere.
767 650 835 682 Sed
849 659 966 683 utrum
982 658 1084 693 putas

212 698 411 732 Patefacere
429 698 551 732 ausum
567 698 687 732 sceleri
704 699 876 742 patrando
893 698 989 731 viam
1004 700 1016 732 ἒ

212 747 291 792 Ipse
306 774 316 790 ‚
332 747 506 781 erudierat
523 747 585 791 qui
603 747 788 792 praeceptis
804 757 874 780 tam
891 747 995 780 bonis
1007 772 1016 787 ‚

213 796 291 842 Ipse
307 796 373 830 fuit
389 796 512 830 austor
529 796 652 830 celeris
669 796 827 840 patrandi
845 805 955 840 pater.

266 846 368 879 Hanc
382 845 582 890 paedagogis
600 844 714 879 offero
729 871 738 885 ‚
756 845 837 878 dico
854 845 1009 878 fabulam
1022 869 1032 885 ‚

215 893 289 938 Qui
306 894 422 929 saneta
438 895 558 929 verbis
573 921 585 936 ,
597 905 708 939 prava
724 893 782 928 sed
797 893 972 938 exemplis
988 894 1132 928 docent.

1057 996 1083 1021 Ξ)

341 999 383 1025 e,
603 984 824 1030 *ὲὲἑῖεέ

379 1084 411 1127 F
441 1084 481 1128 A
513 1083 546 1128 B
579 1083 626 1128 U
655 1084 691 1128 L
720 1083 761 1127 A
832 1080 879 1126 X
905 1081 1055 1128 VII.

501 1179 655 1238 Vulpis
675 1179 763 1223 sine
781 1179 939 1223 cauda.

278 1252 308 1275 Ἰ.

218 1251 281 1326 ‘Q'
312 1303 371 1327 UL
383 1302 403 1327 Ρ
415 1302 430 1327 1
442 1302 459 1327 s
478 1303 650 1328 retentam
666 1294 795 1339 laqueo
811 1293 955 1327 caudam
973 1291 1136 1326 amiserat
1152 1293 1169 1335 ,'

217 1342 341 1387 Elapsa
355 1369 364 1384 ‚
381 1343 563 1388 vitamque
580 1343 651 1376 hoc
667 1343 784 1387 pretio
801 1343 1004 1376 redemerat.

219 1392 385 1426 Sedenim
401 1393 534 1436 pudore
551 1391 685 1426 mixtus
703 1391 826 1438 affligit
841 1392 943 1437 dolor

217 1440 395 1474 Misellam
411 1467 420 1482 ,
437 1439 533 1484 quod
549 1442 583 1475 se
599 1441 722 1474 deinde
739 1440 789 1474 sic
806 1448 970 1484 oporteat

216 1490 364 1522 Curtam
382 1491 569 1524 ambulare.
587 1489 709 1523 Socias
726 1500 810 1535 ergo
825 1515 833 1530 ,
851 1499 935 1522 tunc
951 1487 1056 1521 sim-ul

218 1537 269 1571 Ut
286 1537 380 1572 forte
399 1538 523 1584 magna
541 1538 700 1572 coierant
715 1537 911 1582 frequentia
927 1563 936 1578 ‚

218 1586 320 1627 Adit,
339 1587 504 1631 sedetque
519 1613 529 1628 ,
545 1587 693 1631 suasque
708 1586 894 1631 perprimit
910 1596 1007 1619 nates

218 1635 375 1669 Prudens
391 1662 400 1677 .,
416 1636 572 1681 tegitque
589 1637 725 1670 causam
742 1635 907 1670 moeroris
924 1635 998 1669 sui:

218 1684 360 1718 Dehinc
378 1697 385 1718 :
404 1685 506 1718 Istam
518 1711 526 1726 ,
542 1685 655 1730 inquit
670 1712 677 1725 ‚
699 1686 813 1718 caudae
829 1683 1087 1729 longitudinem
1104 1708 1119 1724 ,

218 1733 351 1767 Natura
368 1734 487 1779 generi
505 1745 610 1779 quam
627 1733 720 1767 dedit
736 1733 853 1767 nostro
867 1732 973 1767 nimis

219 1781 375 1827 Benigna
387 1808 398 1824 ‚
411 1793 472 1816 cur
483 1809 494 1824 ‚
509 1784 646 1817 sorores
657 1809 667 1824 ,
683 1794 759 1816 non
770 1781 1000 1816 abscindimus
1014 1783 1028 1816 ?

219 1830 268 1862 Ea
285 1832 436 1865 lutosam
453 1833 546 1865 verri
562 1834 708 1866 humum
727 1831 897 1876 numquid
913 1830 1013 1873 juvat
1027 1832 1046 1864 ἓ

220 1879 296 1927 Ego
313 1880 402 1915 vero
419 1881 535 1915 amitti
550 1884 617 1916 tale
635 1892 724 1915 onus
736 1907 745 1922 ‚
761 1882 897 1915 lucrum
913 1889 1015 1924 puto.
