1225 2367
77 168 82 174 ·
131 138 221 200 376
290 138 439 182 ΕΑΒ.
474 137 956 182 AESOPIARUM

129 219 268 264 Suaque
285 218 427 264 propri&
445 219 544 252 laude
561 220 671 252 clarus
687 218 767 251 cum
783 218 891 257 redit,

129 268 239 302 Videt
255 269 346 302 hunc
362 269 523 302 eumdem
534 292 544 309 ‚
561 268 602 300 ab
619 267 718 300 omni
735 267 795 311 qui
811 266 970 310 periculo

128 316 323 350 Remorum
340 317 374 350 se
391 316 548 361 putarat,
565 315 721 349 occisum
737 316 844 348 Suem

129 365 162 398 A
176 365 299 398 villico
311 391 321 406 ‚
339 366 371 398 ὅ(
388 364 461 405 eius
475 365 631 398 membra
646 364 791 408 pinguia
807 361 929 397 ferreis

129 413 208 449 Jam
225 413 297 447 fixa
311 415 464 448 verubus
481 413 617 458 geniale
631 415 672 446 ad
687 412 910 446 convivium.

178 463 281 496 Mors
298 463 388 507 saepe
403 489 412 504 ‚
432 462 575 496 omissis
591 462 739 496 fortibus
751 487 760 503 ,
775 461 904 495 inertes
918 457 1021 504 petit.

257 568 366 592 «ἡ
519 552 738 596 *δίιῖἷὲὲ
747 562 999 588 ψ-ᾔ--ῌᾸῦ

291 640 323 684 F
349 639 391 684 A
418 639 450 683 B
482 639 527 684 U
555 639 591 683 L
615 638 655 684 A
721 637 768 683 X
792 635 838 682 X
866 639 884 683 I
909 639 968 683 V.

247 734 412 794 Jupiter
433 768 447 792 ‚
485 735 718 789 Columba,
756 735 794 778 δ’
827 733 1014 795 Anguis.

136 807 263 885 Do
277 858 301 881 N
314 858 328 882 1
341 857 357 881 s
377 847 570 882 animantes
587 849 703 881 colere
720 847 799 881 cum
815 849 949 881 vellent
963 847 981 883 J
987 856 1092 882 ovem
1104 870 1115 889 ,

135 898 286 931 violam
301 898 473 931 Columba
489 896 669 941 praesecuit
680 922 689 937 ‚
708 897 742 929 δί
759 896 912 936 obtulit3

136 947 357 990 Donumque
373 946 482 979 facilis
496 945 706 990 approbavit
717 945 867 989 Jupiter.

137 994 297 1028 Accessit
310 994 442 1040 Anguis
453 1020 463 1034 ,
480 1005 541 1027 ore
557 995 743 1038 praeferens
760 994 875 1028 rosam

138 1043 325 1078 Pulchram
336 1069 344 1084 ‚
363 1053 623 1087 n1tentemque3
638 1053 672 1076 at
687 1043 860 1075 recusavit
873 1043 986 1078 Deus.

138 1092 254 1125 Iratus
272 1092 330 1124 ille
347 1105 355 1125 :
372 1094 442 1124 Cur
457 1103 574 1124 meum
586 1118 594 1131 ‚
610 1091 727 1136 inquit
739 1117 748 1132 ‚
763 1091 897 1135 respuis
908 1117 918 1133 ‚

139 1142 316 1184 Ultroque
330 1140 455 1184 recipis
472 1166 480 1181 ‚
494 1139 600 1185 longe
617 1140 767 1173 deterius
783 1139 867 1173 lic'et
878 1166 888 1181 ‚

140 1189 274 1222 Munus
293 1190 470 1222 Columbae
487 1190 499 1223 ?
515 1189 631 1231 Quem
649 1190 746 1222 Deus
760 1188 894 1232 placide
910 1199 1057 1223 monens
1071 1191 1084 1231 ,⁴

141 1238 337 1282 Respondit
352 1251 358 1270 :
376 1238 490 1270 Immo
505 1237 577 1270 hoc
589 1239 758 1281 praevaiet
772 1237 881 1282 longe
898 1247 962 1271 tuo
977 1249 988 1276 ·‚

141 1286 285 1331 Quippe
303 1288 398 1330 quod
413 1287 504 1330 apud
517 1297 572 1319 me
590 1287 853 1319 commendatur
868 1287 901 1319 &
917 1285 976 1319 sua

143 1336 186 1369 Et
203 1335 382 1369 offerentis
401 1334 571 1368 munditie
589 1348 596 1368 ε
612 1335 701 1368 mihi
718 1334 859 1379 quidem

142 1384 272 1417 Rosam
287 1383 441 1417 obtuiisti
452 1409 461 1424 ,
480 1384 514 1416 δε
527 1384 615 1416 hanc
632 1384 712 1416 satis
729 1384 912 1427 pulchram
928 1395 937 1418 ε
953 1382 1006 1416 tui

143 1433 211 1467 Sed
223 1433 296 1466 oris
310 1432 418 1476 ipsam
432 1432 598 1465 infeceras
613 1433 789 1476 contagio.

194 1482 253 1523 Qu
262 1492 434 1524 {cumque
449 1481 587 1514 summo
603 1482 694 1513 dona
708 1482 832 1513 dentur
847 1478 991 1513 Numini
1003 1504 1016 1521 ‚

145 1530 286 1574 Magnis
304 1531 343 1562 ab
360 1528 467 1562 animi
485 1529 657 1572 pravitate
672 1529 790 1562 vilitas
802 1555 811 1569 ‚

143 1578 376 1624 Minimisque
388 1577 540 1622 pretium
557 1577 597 1610 ab
614 1577 818 1611 innocentia
832 1576 946 1612 venit.
