1268 2361
139 127 209 171 L1
227 137 347 171 BER
385 137 856 172 DUODECJMUS.
928 124 1017 186 283

32 207 256 252 Impertiebat
269 220 279 246 ·,
294 217 329 240 at
347 207 444 241 cibos
461 207 562 241 dabat
577 217 684 240 manu

32 256 252 291 parcissime.
270 256 360 301 Ergo
377 256 530 289 clamitat
544 255 654 289 custos
671 256 795 298 miser,

0 311 8 315 “
31 306 74 338 Et
89 304 212 346 objicit
230 305 325 338 Hero
343 330 352 345 ,
368 315 441 338 non
456 305 490 338 se
506 304 684 338 blanditiis
701 305 747 338 ali
764 331 774 346 ,

31 354 154 398 Neque
171 356 320 388 recreari
334 354 493 387 laudibus
511 364 639 398 corpus
655 364 810 387 macrum
827 365 839 388 t

31 402 97 436 His
115 402 148 436 se
164 413 278 436 carere
295 401 390 446 poss‘e
407 414 416 441 ·,
433 403 601 436 tribueret
616 401 725 436 modo

31 451 186 485 Solidius
203 452 355 496 aliquid,
368 462 439 496 quo
455 453 638 495 repelleret
653 451 781 485 famem
795 476 805 492 ‚

30 500 89 534 Nil
104 500 138 534 se
154 499 364 534 obstiturum
377 527 386 541 ‚
404 510 516 534 cetera
533 501 620 546 quin
636 500 831 534 omitteret.

13 579 17 582 Δ
31 548 145 584 Justos
158 559 192 582 at
209 549 267 583 ille
284 549 422 594 questus
439 550 543 582 elusit
558 549 680 590 jocans
692 574 704 590 ‚

31 597 276 642 Famelicoque
294 598 472 632 blandiens
488 596 604 632 multo
618 598 728 643 magis
740 622 749 638 0

32 645 146 688 Quem
163 646 258 691 prius
272 673 283 685 ,
300 648 443 682 inanem
458 646 582 681 effudit
596 643 881 680 benevolentiam
892 671 903 687 ‚

31 693 246 740 ViCtumque
263 696 377 729 nihilo
391 694 571 729 liberalius
589 696 694 729 dedit.

80 742 239 789 Largioe,
253 741 353 778 dives
364 768 374 784 ‚
390 744 554 789 pauperi,
570 744 696 788 quibus
715 742 847 788 indiget
862 755 869 777 :

31 791 114 826 Non
130 803 167 828 es
184 791 380 838 benignus,
395 791 425 827 si
438 792 499 826 das
511 817 520 834 ‚
539 802 616 837 que
631 791 718 826 nihil
732 792 824 825 hunc
836 790 975 835 juvant.

164 880 891 931 ffisso·

193 968 348 1015 FAB
379 968 551 1016 ULA
617 966 861 1016 XVIII.

356 1065 559 1112 Ficedulae
583 1065 691 1112 duae.

0 1177 1 1188 ¹
34 1138 160 1215 Du
173 1189 198 1214 Α
210 1189 227 1214 s
246 1178 368 1225 inopia
384 1181 425 1214 ad
441 1178 602 1213 ultimam
615 1178 794 1214 Ficedulas

0 1222 3 1277 Ι
32 1229 286 1263 Necessitatem
302 1231 492 1263 adduxerat
507 1240 515 1261 :
535 1229 628 1262 Vola
640 1229 724 1262 hinc
735 1253 745 1268 ‚
761 1228 885 1270 soror,

32 1278 93 1312 Ait
109 1289 178 1311 una
192 1279 362 1322 languens
372 1303 382 1318 ,
396 1288 435 1311 ac
451 1275 601 1310 debilior
616 1277 721 1310 altera
736 1288 746 1314 ·,

31 1325 50 1360 I
63 1352 72 1367 ,
90 1338 208 1371 quaere
222 1352 231 1368 ‚
249 1325 279 1359 si
295 1325 369 1360 fors
386 1325 548 1359 invenire
564 1325 697 1371 aliquid
714 1325 783 1359 cibi

31 1373 196 1409 Potueris
211 1388 219 1409 ε
239 1375 469 1419 exspestabo,
485 1375 567 1408 dum
583 1377 700 1408 redeas
717 1375 832 1408 ferens

34 1423 197 1458 Subsidia
209 1423 294 1457 vitae
308 1437 317 1456 ι
332 1435 482 1468 propera
497 1421 587 1457 vero
601 1436 610 1461 ς
627 1435 708 1457 narn
725 1424 833 1458 fames

33 1472 97 1506 Me
115 1471 262 1506 conficit
277 1499 286 1513 ‚
302 1473 474 1517 brevique
491 1483 546 1505 me
563 1482 665 1517 cogat
683 1471 785 1506 mori.

35 1520 193 1554 Omnem
210 1521 269 1555 illa
285 1533 347 1566 per
363 1532 483 1566 agrum
500 1521 724 1564 quaesituram
741 1520 862 1556 seduli>

35 1569 79 1602 Se
95 1570 280 1615 pollicetur
291 1595 299 1607 .
319 1570 353 1603 ὃ(
369 1570 585 1604 reversuram
603 1570 697 1613 prius
713 1596 722 1612 ‚

35 1618 153 1660 Quam
171 1618 219 1651 sol
235 1617 429 1659 occiderit,
442 1618 473 1652 si
489 1618 602 1653 minus
619 1629 657 1652 ut
673 1630 778 1663 opem
797 1619 884 1653 ferat

36 1668 134 1700 earae
151 1666 283 1706 sorori,
300 1677 333 1700 at
349 1667 427 1702 amb
435 1680 457 1699 e
472 1678 510 1701 ut
525 1667 696 1701 intereant
713 1669 830 1701 simul.

85 1715 267 1748 Accelerat
283 1726 367 1759 ergo
378 1741 390 1756 ,
402 1727 492 1750 nunc
509 1718 651 1756 volans,
673 1728 763 1750 nunc
778 1717 814 1749 in
832 1716 910 1749 solo

37 1763 192 1808 Spatiata
208 1789 218 1803 ‚
234 1763 342 1798 macri
355 1763 539 1799 infirmitas
557 1766 722 1808 quantum
741 1765 827 1799 sinit

38 1812 258 1854 Corpusculi.
274 1812 450 1856 Progressa
465 1812 572 1857 paulo
588 1813 728 1859 longiuz
741 1839 750 1853 ‚

38 1861 203 1904 Denique
220 1871 400 1894 oneratam
413 1861 580 1895 fructibus
596 1861 704 1895 ficum
722 1861 864 1905 adspicit

40 1908 268 1957 Pulchrisque
279 1934 288 1951 ,
305 1909 519 1956 maturisque
534 1922 542 1946 :
559 1919 633 1945 tum
650 1936 662 1954 ,
673 1911 769 1946 Bona
785 1921 807 1946 ο
821 1911 920 1946 Salus
931 1935 942 1952 ,
