1268 2361
150 118 324 165 'LIBER
354 127 616 163 DECIMUS
650 126 931 172 QUARTUS.
969 128 1063 177 327

69 199 142 243 Qui
159 212 232 234 non
247 199 424 245 pepercit,
440 198 542 232 nobis
554 224 563 238 ,
581 197 642 243 qui
658 197 763 242 pretii
777 197 896 230 sumus

69 248 188 282 Multo
205 249 353 282 minoris
365 275 374 290 ‚
389 259 507 293 parcet
523 249 581 281 ille
598 247 731 280 scilicet
745 247 758 280 ἓ

65 295 298 341 Properemus
309 324 320 339 ⁷
334 297 489 331 hominis
506 298 629 341 procul
648 294 830 328 inhumani
845 294 952 328 domo
964 319 975 335 ,

66 346 273 388 Quaeramus
291 356 387 380 antra
403 359 412 380 ι
429 346 541 379 vitam
558 346 595 378 in
610 345 710 378 silvis
727 345 882 387 asperam

65 394 232 429 Tolerare
244 395 380 440 praestat
397 395 489 428 inter
504 395 676 428 immanes
688 393 792 426 feras.

193 490 920 539 ‹=;=2432=‡.--——.-———a

238 572 679 618 FABULA
771 571 883 616 VI.

436 668 555 726 Equi
580 669 679 711 duo.

63 738 158 818 H
171 792 196 816 A
209 792 228 816 Β
241 791 263 815 E
275 792 294 816 Β
307 791 332 816 Α
345 791 368 815 τ
387 780 514 825 aliquis
532 779 713 825 praeditum
732 779 880 826 egregiis
896 781 1037 826 Equum

61 831 217 865 Dotibus
232 845 242 870 ·‚
259 842 293 864 at
307 830 380 872 eius
394 831 563 864 utilitates
578 839 679 863 antea

62 879 220 924 Persaepe
235 891 431 925 quanquam
446 879 616 912 maximas
632 888 844 924 agnoverat,

61 928 348 974 Laudaveratque
364 941 372 965 ς
389 940 403 962 t
416 929 493 961 :dio
510 927 651 961 affectus
668 938 786 961 tamen

61 976 238 1018 InJurioso
249 1004 258 1020 ,
274 978 384 1021 coepit
400 978 512 1022 ipsum
525 977 687 1021 protinus

62 1027 250 1071 Negligere
262 1053 271 1068 ,
286 1038 373 1060 mox
390 1025 496 1060 odiffe
511 1039 519 1059 ε
537 1026 688 1069 denique
702 1036 777 1058 non
790 1023 902 1068 potest

62 1075 135 1108 Sibi
151 1086 364 1120 temperare,
383 1075 573 1120 quominus
588 1077 696 1108 alium
713 1084 822 1118 paret.

59 1123 96 1156 Is
109 1134 225 1157 autem
236 1150 245 1165 ‚
263 1125 304 1158 ab
318 1124 416 1157 omni
433 1134 529 1168 parte
546 1124 697 1157 deterior
711 1122 797 1156 licet
812 1148 821 1163 ‚

60 1172 285 1206 Existimatur
299 1172 404 1218 long'e
419 1173 558 1217 potior,
577 1173 611 1205 δε
622 1171 725 1205 unice

59 1221 208 1254 Amatur
222 1234 232 1259 ·,
246 1231 350 1266 atque
364 1221 483 1254 herilis
500 1220 740 1254 beneficentiae

60 1269 218 1303 Omnem
232 1270 304 1304 fere
318 1282 406 1303 unus
423 1269 618 1315 largitatem
633 1266 783 1313 percipit
796 1280 806 1300 t

59 1318 170 1360 Quod
187 1319 220 1352 &
234 1319 306 1362 ipse
323 1318 451 1352 mirans
468 1345 477 1358 ,
494 1315 653 1351 conscius
672 1318 738 1350 suae
756 1315 822 1350 sibi

59 1367 284 1412 Indignitatis
299 1381 308 1401 z
323 1367 398 1400 Effe
413 1367 497 1412 quid
510 1368 578 1401 hoc
590 1394 598 1407 ‚
613 1367 730 1411 inquit
741 1392 749 1406 ,
764 1375 884 1410 putem
895 1390 906 1406 ‚

58 1415 260 1460 Tantopere
277 1415 371 1461 quod
385 1417 487 1450 herus
504 1416 625 1461 diligat
640 1427 695 1449 me
709 1426 779 1448 tam
795 1425 917 1459 parum

58 1463 281 1499 Laudabilem
293 1491 302 1505 ‚
318 1475 351 1499 te
367 1465 565 1510 digniorem
580 1465 732 1510 negligat
746 1466 758 1497 ?

58 1513 196 1557 Nempe
207 1539 218 1555 ‚
229 1524 331 1547 vetus
347 1515 474 1558 hospes
488 1515 626 1555 retulit,
644 1514 694 1547 sic
709 1512 871 1547 homines
886 1512 999 1545 soient
1012 1524 1023 1545 ’,-

59 1560 221 1607 Plerique
241 1573 335 1596 nova
353 1564 530 1596 veteribus
547 1563 627 1596 ideo
642 1564 829 1608 praeferunt
846 1588 854 1602 ‚

60 1609 155 1652 Quia
170 1621 267 1646 nova
283 1623 293 1650 ;
308 1621 427 1646 vetera
443 1638 453 1653 ,
469 1611 550 1656 quia
562 1622 681 1646 vetera
695 1613 772 1646 sunt
783 1638 792 1653 ,
809 1611 988 1654 respuunt*

455 1738 647 1802 md?
