1313 2367
223 99 249 145 8
380 100 1048 148 FAB.AESOPIARUM

488 199 544 215 ---.,.
541 199 606 215 .-·.
607 182 944 228 *ἑὲ-ἑξῖζξὲὲξξ
952 191 1205 221 ——q

373 268 408 312 F
437 268 477 313 A
513 267 546 313 B
581 267 626 314 U
661 268 696 313 L
730 269 770 314 A
847 270 892 313 V
924 270 943 314 Ι
975 267 1058 314 11.

513 363 636 423 Rosae
668 361 920 423 &Papiam

228 431 279 510 S
298 485 320 509 E
332 485 364 508 M
379 483 404 509 0
416 485 440 509 T
452 485 477 508 A
495 477 538 509 ab
555 476 654 510 omni
670 487 769 521 paene
785 476 974 521 conspeQu
988 476 1082 512 Rosa

222 525 405 566 Florebat,
421 525 454 558 δε
468 525 598 558 latebat
613 526 707 559 horti
724 526 760 559 in
776 527 918 570 angulo.

222 573 306 606 Inde
323 582 441 606 tamen
457 573 562 607 aliam
573 600 582 615 ‚
597 585 670 608 non
684 575 759 608 visa
775 574 848 618 ipsa
865 575 1062 609 clanculum

223 622 354 655 Rosam
372 622 532 664 videbat,
546 634 622 667 quae
639 623 775 666 patenti
790 623 828 656 in
844 633 922 657 area

223 670 355 704 Blande
371 671 530 705 renidens
546 671 673 704 lumini
689 671 834 705 aetherio
845 697 853 713 ‚
868 672 968 705 suum

223 719 343 753 Decus
361 720 511 763 aperiret
526 730 600 753 non
615 719 691 753 sine
706 719 832 754 fastoso
848 719 959 764 igneae

224 768 374 812 Fulgore
390 768 524 802 formae.
539 768 631 802 Tum
647 768 762 802 livore
779 768 932 812 carpitur
943 794 952 810 ‚

226 815 419 861 Gemitque
430 843 440 858 ,
454 827 578 861 genere
595 814 691 860 qued
707 827 825 861 parem
837 842 846 857 ,
860 825 932 850 tam
949 814 1078 860 dispari

227 863 435 899 Obnoxiam
451 866 484 899 se
500 865 624 899 vivere
640 865 726 899 sorti
743 874 919 909 oporteat.

226 912 364 957 Papilio
376 940 384 954 ‚
399 914 458 947 sua
476 925 579 958 quem
596 913 686 948 forte
704 914 831 948 levitas
846 914 914 948 huc
930 912 1030 955 tulit,

226 961 390 995 Advertit
401 988 410 1003 ,
425 963 479 996 διε
497 962 591 1005 Quid
602 989 610 1004 ‚
624 962 723 996 stulta
735 989 745 1004 ‚
759 962 808 996 sic
819 989 828 1004 ,
841 962 957 1007 inquit
968 988 977 1006 ,
991 960 1100 1008 gemis
1116 961 1132 997 ξ

226 1010 304 1043 Tua
322 1010 382 1044 ista
399 1022 525 1054 nempe
542 1011 667 1045 cla-rins
684 1011 790 1044 micat
806 1012 926 1053 soror,

227 1059 419 1104 Radiisque
436 1060 518 1093 solis
534 1059 772 1093 vividioribus
790 1061 879 1093 calet
893 1073 904 1099 ·,

228 1107 296 1141 Sed
311 1118 344 1141 te
362 1108 473 1142 minns
490 1110 618 1141 tenella
635 1107 681 1141 est
692 1134 701 1149 ,
716 1108 750 1141 &
765 1119 917 1141 vernans
934 1106 1048 1142 minfis
1063 1120 1074 1147 ς

227 1156 271 1189 Et
288 1168 403 1190 aevum
420 1157 568 1201 denique
584 1157 726 1190 brevius
738 1183 748 1198 ,
763 1155 866 1201 quiam
882 1166 940 1198 tu,
954 1157 1086 1201 exiget.

279 1205 364 1238 Haec
380 1205 504 1238 misera
521 1206 707 1249 plerosque
722 1205 886 1238 homines
904 1205 1063 1239 conditio
1080 1203 1224 1250 premit:

231 1252 388 1288 Obscura
405 1253 481 1287 vita
498 1253 655 1297 displicet
670 1266 679 1292 ·,
698 1253 837 1287 illustris
855 1263 972 1288 nocet.

236 1516 439 1561 Columba
460 1511 692 1574 plumipes,
714 1514 751 1558 δ’
779 1515 982 1559 Columba
999 1515 1226 1575 saxatilis.

198 1675 203 1681 .
239 1602 289 1680 S
309 1655 328 1678 Ρ
340 1654 361 1678 Ε
374 1654 398 1677 R
409 1653 435 1676 N
446 1653 468 1676 E
480 1653 505 1676 N
518 1652 536 1676 s
554 1644 727 1677 Columba
744 1643 919 1688 plumipes
938 1643 1120 1678 saxatilem
1131 1669 1142 1687 ‚

236 1693 467 1737 Superbiebat
478 1718 486 1732 ,
502 1691 597 1736 qubd
613 1692 646 1725 se
663 1692 798 1736 semper
814 1702 970 1726 cerneret

235 1743 330 1776 Bene
348 1750 524 1775 ocreatum
539 1740 641 1779 3c1¹1m
657 1741 734 1774 suas
751 1741 812 1774 illa
829 1741 970 1774 interim

235 1792 356 1827 Nudas
368 1816 377 1831 ‚
390 1800 580 1833 turpesque
596 1789 699 1823 tibias
719 1789 924 1824 ostenderet.

238 1838 405 1872 saxatilis
423 1839 472 1872 ait
487 1853 494 1872 :
510 1838 620 1871 Nudis
637 1849 693 1871 me
710 1837 775 1871 esse
791 1838 887 1872 tibiis

240 1887 349 1932 Quod
364 1888 437 1923 sors
452 1886 609 1923 voluerit
620 1912 630 1930 ,
643 1898 716 1921 non
731 1886 840 1923 modi)
857 1885 980 1931 injuste
997 1885 1215 1933 exprobras}
