1287 2367
394 235 425 278 F
460 233 497 277 A
534 235 566 279 B
603 235 648 279 U
684 235 719 279 L
755 235 796 279 A
887 236 907 281 I
941 233 1002 279 X.

498 330 651 389 Equus
671 327 712 374 δ’
743 331 902 389 Lupus.

201 402 308 478 TU
321 454 344 478 'r
356 454 382 477 U
394 453 411 477 s
427 442 509 477 satis
526 442 691 488 praesidio
707 443 851 477 virtutis
868 443 938 477 suae

203 495 295 527 Cum
312 493 511 537 pasceretur
527 493 620 525 solus
637 492 675 525 in
691 492 791 526 silvis
809 493 926 537 Equus
944 519 953 534 ‚

200 542 274 586 ipsi
288 569 296 583 ,
313 553 416 586 quam
433 543 604 585 przzdatus
622 551 695 574 erat
709 567 718 581 ,
736 541 910 575 ostentans
928 553 1034 576 ovem
1048 567 1059 584 ,

202 591 426 625 Felicitatem
443 590 592 632 jaelabat
609 590 705 622 suam
722 590 839 633 Lupus
855 603 863 623 :

201 640 248 672 Et
266 640 375 672 miror
392 666 400 679 ,
417 640 533 683 inquit
548 664 557 679 ‚
573 637 667 683 quod
683 650 722 671 tu
738 638 845 671 tantis
861 639 997 673 viribus
1013 664 1023 680 ‚

204 689 415 732 Animisque
432 687 538 720 tantis
555 687 719 731 praeditus
734 713 743 727 ‚
760 688 856 720 leves
875 687 973 721 cibos
988 714 997 728 ‚

205 738 249 770 Et
265 737 428 770 insuaves
446 737 488 769 ab
507 736 582 779 ipsa
597 737 786 779 decerpens
802 736 912 769 humo
928 763 937 777 ‚

205 787 374 818 Tolerare
390 785 502 817 vitam
520 784 638 828 potius
656 785 812 828 asperam
829 784 920 818 velis
937 810 946 826 ,

206 834 323 876 Quam
338 834 513 867 bellicosae
531 833 645 878 gentis
663 834 864 876 exemplum
881 833 980 878 sequi
996 858 1006 875 ‚

207 883 257 916 Vi
275 894 395 927 rapere
412 884 562 926 pecudes
578 908 587 922 ‚
604 881 763 914 fortioris
781 881 928 925 praemio

207 931 371 965 Gaudere
386 957 396 971 ‚
414 930 670 976 pinguibusque
686 930 783 963 vesci
801 930 981 965 carnibus.

206 981 327 1025 Equus
344 981 387 1014 ad
402 981 477 1012 haec
492 992 499 1013 ε
515 981 598 1012 Non
611 978 771 1022 profecto
784 1004 793 1018 ,
808 990 881 1012 non
893 990 988 1013 tuam
1002 980 1094 1016 hanc
1110 978 1179 1016 tibi

205 1029 357 1063 Invideo
375 1029 504 1061 sortem
518 1053 527 1066 ,
544 1039 650 1072 quam
665 1027 783 1072 potius
800 1028 1033 1063 miserabilem
1047 1054 1058 1071 ‚

207 1078 252 1111 Et
269 1078 516 1111 exsecrandam
531 1076 664 1118 judico.
680 1076 813 1109 Tenuis
832 1076 974 1121 quidem

208 1127 389 1171 Inopsque
405 1125 522 1159 vistus
539 1124 586 1158 est
601 1125 688 1158 mihi
704 1137 712 1158 ε
730 1135 848 1158 tamen
865 1125 1054 1169 suppetunt

207 1175 388 1210 Alimenta
399 1201 408 1216 ,
426 1187 503 1219 quae
520 1184 650 1207 naturae
666 1174 884 1207 conveniant
899 1186 998 1209 meae.

210 1225 258 1258 At
274 1225 418 1268 prosum
434 1223 640 1258 hominibus
656 1234 666 1260 ·,
683 1223 716 1255 δε
729 1234 847 1256 meum
863 1234 996 1257 nomen
1011 1222 1085 1258 suis

210 1274 315 1317 Apud
331 1285 392 1307 eos
411 1274 516 1307 claret
533 1272 816 1306 concelebratum
830 1272 1009 1306 laudibus:

210 1324 348 1356 Contra
365 1320 544 1366 perpetuis
562 1320 877 1364 imprecationibus

213 1371 352 1404 Omnes
369 1380 495 1414 petunt
510 1380 544 1402 te
559 1395 568 1410 ‚
583 1369 759 1414 publicam
777 1369 938 1402 omnium
954 1370 1047 1403 luem
1061 1381 1075 1409 ⁴,

212 1420 256 1453 Et
273 1419 365 1452 inter
379 1418 439 1452 ista
455 1444 463 1460 ,
481 1430 556 1462 quae
573 1419 664 1451 bona
679 1416 768 1451 false>
787 1429 964 1461 nuncupas
980 1443 989 1458 ‚

216 1467 368 1503 Inureris
387 1466 485 1500 omni
501 1466 728 1510 turpitudinis
745 1465 843 1500 nota.

265 1517 381 1551 Nemo
397 1515 464 1551 effe
479 1514 565 1550 felix
582 1514 688 1548 simul
706 1514 740 1548 ὅ(
755 1514 896 1549 infamis
912 1513 1037 1559 potest.

719 1671 736 1701 N

684 1667 767 1723 Wb

646 1701 772 1740 ὲ,

649 1741 769 1794 ‘AN
