1268 2361
133 93 339 140 LIBER
376 104 854 139 DUODECIMUS.
925 105 1012 156 295

26 175 239 220 Summaque
254 176 386 210 virtute
401 175 511 209 animi
527 173 669 219 pulchre
687 174 829 208 sustines
843 201 851 214 ,

25 224 123 258 Novi
138 225 300 269 equidem
317 237 325 258 :
343 235 378 258 at
394 224 465 257 istis
482 225 619 257 dotibus
638 223 775 268 magnis
792 233 912 267 parem

26 272 107 306 Huc
119 284 250 317 usque,
266 273 339 315 fili,
355 273 549 318 perspicere
565 273 784 317 prudentiam

23 320 66 354 In
81 331 114 354 te
130 322 279 366 nequivi
296 334 306 360 ·,
323 324 418 367 quod
433 333 550 355 tamen
566 320 663 355 certo
680 321 754 354 scio

24 368 163 402 Bonum
177 370 243 404 efi‘e
260 371 453 404 maximum
469 383 476 404 :
496 371 530 404 ὅ(
546 370 634 403 mihi
648 371 750 403 debes
770 369 907 403 credere
921 393 933 409 ,

25 417 142 460 Quem
158 428 284 463 nempe
298 420 420 453 docuit
436 420 516 453 usus
533 430 617 452 vitae
634 418 789 463 longior.

23 465 179 501 Difficil‘e
195 479 362 512 perquam
377 468 443 509 est,
459 467 597 512 inquies
611 494 618 508 ,
636 467 695 501 ubi
709 467 862 511 impetus

25 515 151 549 Fervet
167 516 208 550 ab
224 527 343 550 amore
359 518 482 561 praedae
493 543 502 557 ,
520 517 554 549 ὅ(
569 516 607 549 in
623 517 752 549 caedem
769 515 860 559 rapit

25 563 218 598 Violentus
234 591 242 605 ‚
261 565 328 599 iras
345 576 539 610 temperare
552 591 560 605 ,
575 564 746 610 frangere.

24 612 172 647 Fateor:
189 613 284 657 prius
299 614 468 658 dispicere
482 614 531 647 nil
547 624 664 647 tamen
680 621 777 646 vetat
794 638 802 653 ,

0 669 3 672 ’
24 660 187 694 Hostisne
199 687 207 703 ,
223 674 375 706 quocum
391 674 463 695 non
477 662 640 706 expediat
655 660 841 706 congredi,

25 708 199 743 Occurrat
214 723 222 748 ·,
238 722 301 752 an,
318 722 423 755 quem
439 722 557 755 petere
574 712 762 754 prudenter
779 720 898 754 queas.

2 797 6 802 .
23 757 99 802 Age
115 758 223 802 porro
235 785 244 799 ‚
261 759 420 793 monitor
433 771 476 792 ne
493 759 648 792 severior
662 758 727 791 tibi

23 805 176 847 Videat,
191 819 252 853 age
264 834 273 849 ‚
288 809 366 841 sino
380 834 388 849 ‚
403 809 699 852 quadrupe-dantes
715 807 848 840 belluas

24 854 274 899 Quascumque
291 867 370 900 pete
382 883 391 897 ‚
408 857 613 901 persequere
632 870 639 889 :
658 856 714 889 scd
730 855 857 888 animal
871 854 968 898 bipes

24 903 144 936 Unum
156 903 469 947 est‚i'erum‚audax,
475 906 707 949 callidumque
719 918 726 938 :
737 903 919 937 hominem
928 908 1070 936 vocant:

25 951 140 993 Huic,
153 962 253 993 nate,
269 954 399 987 bellum
416 965 489 987 non
505 952 613 987 modo
631 964 714 986 cave
732 964 774 986 ne
791 953 918 986 inferas
937 964 948 991 3

26 1001 94 1034 Sed
109 1000 183 1041 ejus
200 1001 307 1035 etiam
321 1003 454 1036 veritus
473 1013 577 1035 occur
580 1003 654 1035 sum
671 1002 762 1047 fuge.

75 1049 243 1083 Promisit
261 1052 319 1083 ilie
333 1051 366 1084 se
384 1051 632 1085 obsecuturum
649 1051 762 1094 patri:

24 1097 72 1130 At
85 1096 307 1141 postmodum
322 1099 476 1143 superbae
493 1100 599 1133 cessit
616 1099 749 1133 indoli·
743 1122 752 1136 ‚

24 1145 69 1178 Et
85 1146 164 1179 cuin
180 1157 242 1190 per
258 1147 339 1180 avia
357 1158 543 1182 nemorum
557 1149 710 1192 quodam
726 1147 782 1181 die

23 1193 176 1228 Vidiffet
191 1195 373 1229 hominem
384 1223 393 1237 ‚
410 1196 580 1230 Gerulum
594 1221 604 1237 ,
620 1196 763 1240 inquam
775 1221 784 1236 ,
801 1194 935 1239 spiculo

23 1243 209 1277 Armatum
226 1255 328 1277 acuto
340 1271 348 1284 ,
365 1256 574 1278 venatorem
591 1244 753 1278 callidum
769 1270 778 1285 ‚

23 1291 315 1336 Acerrimumque
330 1305 339 1331 ·,
355 1293 388 1326 se
403 1293 532 1327 furoris
550 1293 728 1337 impotens

23 1339 155 1372 Inferre
172 1351 294 1374 contra
311 1352 384 1374 non
400 1341 531 1375 timuit.
546 1342 790 1385 improvidum

24 1387 167 1421 Paratus
181 1388 240 1422 ille
257 1389 382 1434 recipit
399 1402 409 1427 ·‚
426 1391 572 1424 adverso
589 1390 670 1423 ferit

24 1436 202 1470 Mucrone
217 1449 227 1476 ·,
245 1438 280 1471 ὅ(
296 1438 396 1471 instat
413 1464 423 1479 ,
441 1439 475 1472 &
491 1438 740 1472 moribundum
757 1436 889 1479 dejicit.

76 1485 262 1520 Prudentia
278 1497 397 1520 comes
414 1487 444 1520 si
460 1498 533 1521 non
551 1488 717 1528 adfuerit,
731 1487 836 1532 vigor

25 1533 142 1568 Nocet
157 1533 336 1582 animique
355 1536 390 1570 ὃ(
405 1537 567 1581 corporis
578 1562 588 1579 ,
603 1537 730 1571 nedum
745 1535 860 1580 juvet.

391 1714 651 1778 ‹5543ss
