1268 2361
139 131 340 174 ΗΒΕΑ
377 140 417 173 D
436 138 854 179 UoochMtss.
922 129 1013 194 285

984 220 1010 245 θ·

329 391 494 436 Taurus
515 392 552 435 δ’
574 391 717 436 Canis.

26 461 133 539 TA
144 515 172 539 u
184 514 209 538 a
221 514 249 539 u
261 514 295 538 M
314 505 406 538 inter
423 505 457 539 &
475 507 607 539 Canem
625 515 703 539 orta
718 517 843 552 magna
859 505 904 540 lis
922 514 995 541 erat
1009 512 1021 549 ,¹

26 554 251 588 Internecino
269 565 307 588 ut
323 554 444 599 praelio
462 565 536 587 rem
552 554 681 595 confici

0 627 1 630 η
27 602 172 636 Neceffe
187 603 304 636 fuerit.
323 603 459 636 Taurus
476 603 617 649 indigne
633 603 748 637 ferens
763 628 773 644 ‚

28 651 155 693 Quod,
174 651 273 685 tanto
291 651 437 685 inferior
449 652 527 685 cum
544 653 589 685 sit
604 678 613 693 ,
629 651 736 685 hostis
752 653 876 686 audeat

28 699 208 734 Obsistere
224 699 290 733 s1bi
301 726 310 741 ‚
328 701 362 733 &
377 702 487 733 aleam
506 700 707 733 certaminis

28 749 199 790 Tentare,
214 748 251 781 in
268 749 382 792 ipsum
399 748 511 792 capite
527 748 672 782 derniss‘o
689 749 780 789 ruit,

29 798 220 842 Creditque
237 797 364 831 adustis
381 796 451 839 jam
465 796 663 830 confoffum
679 798 842 830 cornibus
858 809 867 831 z

29 847 171 879 Caecum
187 855 221 878 at
237 846 392 879 furorem
408 845 530 879 effudit
547 845 584 878 in
601 856 753 879 vacuum
769 846 860 880 aera.

27 894 190 939 Namque
207 895 314 927 Canis
328 894 531 928 observarat
543 893 647 935 huius
665 894 837 939 impetum
848 919 857 935 ‚

29 942 188 990 Leyique
205 943 293 976 saltu
308 942 416 977 facil'e
435 943 682 977 declinaverat.

28 991 198 1025 Ferocior
213 991 301 1024 redit
318 992 398 1025 ille:
416 1002 478 1024 nec
496 992 621 1037 refugit
639 991 743 1025 Canis
760 1005 771 1030 3

27 1040 87 1073 Ast
105 1041 164 1073 ubi
181 1040 420 1086 propinquare
435 1041 533 1074 videt
548 1040 785 1074 adversarium

27 1088 231 1122 Tollentem
247 1099 383 1122 atroces
399 1089 538 1132 hispido
555 1090 657 1122 vultu
673 1089 783 1123 minas
795 1114 804 1130 ,

0 1143 1 1146 ’
29 1136 196 1170 Occurrit
211 1139 343 1177 audax,
361 1137 395 1170 &
411 1137 629 1181 inopinantis
647 1138 752 1171 simul

29 1185 166 1218 Saliens
183 1177 356 1219 asfauces
368 1212 378 1226 ‚
395 1197 456 1219 ore
472 1186 612 1219 didusto
628 1195 780 1230 occupat
793 1211 803 1226 ,

29 1233 241 1278 Mordetque
259 1260 268 1275 ,
285 1234 560 1279 praestringitque
577 1235 719 1268 summis
737 1234 870 1268 viribus
885 1247 896 1269 z

29 1282 72 1315 Et
88 1282 146 1316 ille
163 1283 288 1316 misera
303 1283 456 1327 percitus
472 1283 565 1316 rabie
581 1282 663 1315 lic'et

29 1331 201 1364 Excutere
218 1341 350 1375 quaerat
367 1331 495 1374 pestem
511 1330 850 1374 importunissimam
865 1356 874 1372 ,

27 1380 223 1424 Fortesque
240 1379 416 1412 concitare
432 1379 582 1413 cervicis
597 1391 695 1412 toros

31 1428 116 1461 Non
131 1428 253 1469 cesset,
267 1429 478 1472 artubusque
495 1428 614 1461 saeviat
630 1428 794 1461 omnibus
809 1441 819 1467 ·‚

32 1477 122 1509 Acer
139 1487 255 1510 tamen
270 1475 438 1509 molossus
449 1502 458 1517 ‚
476 1488 579 1520 quum
595 1487 729 1521 partem
746 1477 853 1510 semel

32 1525 210 1568 Arripuit,
227 1525 326 1568 instat
341 1536 498 1569 premere
514 1535 708 1569 pertinacer
721 1551 730 1566 ,

32 1573 220 1618 Hier-etque
236 1575 389 1618 pendens
401 1600 410 1612 ,
427 1575 508 1607 dum
523 1574 680 1608 devicius
698 1575 740 1607 ad
755 1574 869 1607 solum

33 1621 244 1655 Procumbat
260 1622 365 1655 hostis
383 1622 571 1655 intercluso
588 1622 722 1666 spiritu.

85 1670 180 1704 Mal'e
196 1681 395 1715 temperatae
413 1671 623 1704 immanitati
638 1671 770 1704 virium

34 1718 187 1753 Doctam
201 1719 393 1766 agilitatem
409 1721 600 1764 praevalere
615 1720 696 1754 hinc
712 1719 890 1755 discimus.

487 1829 572 1904 Q
