1313 2367
195 182 432 234 imperitiam
460 202 538 228 non
567 194 686 246 magis
714 197 751 234 in
778 199 859 250 ipso
888 202 1036 243 irrideri
1061 219 1158 259 puto
1179 215 1201 260 ξ,

202 236 318 287 quam
341 240 379 277 in
402 240 846 302 Francisco-Seraphino
870 255 1094 310 Regnedo,
1117 264 1190 303 ho·

199 291 304 330 mine
333 293 466 333 itidem
493 299 594 350 gallo
618 331 629 348 ,
659 302 764 353 cujus
793 308 986 349 redditum
1014 316 1189 357 versibus

198 343 332 384 italicis
360 348 646 392 Anacreontem
672 357 772 396 ultro
801 360 958 403 laudant
981 364 1096 416 Itali,
1124 369 1189 409 fa-

197 408 402 453 tenturque
431 402 513 443 stilo
542 406 615 446 effe
647 408 869 454 suavissimo
899 421 1189 464 concinnatum.

197 449 324 501 Nihil,
348 457 512 507 opinor,
536 463 658 511 prosit
680 465 854 507 refellere
877 471 1047 521 pluribus
1063 475 1189 516 homi-

195 517 263 543 nes
294 509 508 550 malevolos
528 543 540 561 ,
573 517 636 568 qui
662 515 788 559 studiis
817 523 948 563 nostris
974 528 1187 570 adversan-

193 570 265 598 tur.
299 559 355 599 Ex
385 563 490 603 dietis
517 566 626 608 facile
657 573 839 626 colligent
871 581 969 630 aequi
996 580 1146 632 judices
1169 615 1184 634 ‚

192 611 293 652 bene
319 615 436 657 latine
458 649 468 666 ‚
501 619 555 659 his
583 624 695 663 etiarn
723 632 960 681 temporibus
980 663 992 681 ‚
1018 635 1182 679 scribere

191 679 259 704 eos
287 668 390 720 posse
406 701 417 718 ‚
446 675 509 725 qui
533 675 580 713 ad
605 680 892 732 percipiendam
915 691 1057 728 veteris
1079 692 1181 732 illius

192 721 351 772 optimae
394 739 562 767 romanae
596 731 732 785 linguae
763 738 844 775 vim
876 751 993 792 atque
1022 746 1179 796 copiam

188 775 305 824 paulo
334 777 533 832 benignius
563 797 583 821 a
614 798 746 826 natura
772 791 999 845 informati,
1033 797 1109 838 sese
1138 801 1178 840 in

186 827 257 867 hac
281 831 451 883 paiaestra
474 835 675 889 diligenter
695 848 943 889 exercuerint.

238 934 326 978 ΙΙΙ.
352 937 390 977 N
402 953 505 983 UNc
534 944 657 986 dicam
677 978 688 997 ‚
714 951 806 1002 quid
833 952 988 997 efficere
1015 972 1174 1003 conatus

182 989 254 1027 sim
270 1020 282 1039 ‚
307 1004 348 1031 ut
371 996 506 1035 eruditi
530 999 679 1040 lecioris
704 1007 982 1057 approbatione
1005 1027 1084 1054 non
1112 1018 1172 1056 in·-

181 1043 337 1096 dignam
373 1049 582 1092 editionem
618 1055 715 1095 hanc
753 1060 916 1101 nostram
952 1067 1172 1112 redderem.

180 1095 349 1138 Primum
369 1103 407 1141 in
427 1108 746 1159 recognoscendis
765 1113 805 1151 &
825 1115 1046 1171 castigandis
1065 1126 1172 1175 prio·-

178 1151 282 1190 ribus
303 1155 472 1210 quinque
492 1160 623 1199 harum
643 1164 868 1206 fabellarum
884 1170 987 1212 libris
1006 1189 1168 1227 operam

176 1203 264 1244 sane
286 1221 464 1267 magnam
484 1215 604 1265 posui.
628 1216 816 1260 Plurimos
837 1224 965 1265 versus
983 1257 999 1276 ,
1015 1232 1165 1282 quivel

174 1259 286 1298 nimis
310 1263 446 1313 abjefii
462 1296 474 1313 ‚
498 1269 561 1307 vel
585 1272 699 1322 paulo
724 1273 930 1326 asperiores
952 1284 1026 1321 visi
1047 1283 1132 1325 sunt
1148 1316 1163 1336 ,

174 1313 225 1351 ad
249 1313 413 1368 aliquam
434 1318 599 1371 speciem
617 1354 629 1371 ,
657 1330 911 1382 numerosque
935 1336 1132 1379 molliores
1148 1370 1162 1389 ‚

172 1371 359 1417 quantum
390 1374 478 1412 sivit
507 1380 694 1429 propositi
724 1383 944 1434 simplicitas
965 1419 977 1436 ‚
1009 1391 1170 1434 adduxi..

169 1418 383 1462 Latinitatis
404 1425 566 1467 formam
589 1431 654 1470 fiib
674 1436 820 1487 regulas
840 1441 933 1489 pure
958 1443 1000 1481 ὃ(
1022 1457 1159 1487 emen-

168 1472 256 1512 date
297 1476 482 1530 loquendi
524 1487 786 1536 exquisitiores
828 1496 968 1543 passim
1010 1499 1158 1554 redegi.

166 1525 384 1570 Nonnullas
404 1548 523 1574 voces
543 1540 666 1578 minus
687 1541 818 1582 latinas
834 1575 844 1592 ‚
866 1549 1038 1590 minusve
1060 1567 1154 1604 pro-

163 1583 263 1632 prias
286 1589 441 1634 amovi3
468 1591 632 1641 aptiores
656 1595 692 1632 in
717 1609 846 1636 earum
869 1601 999 1642 locum
1022 1605 1156 1647 substi-

161 1635 230 1673 tui.
253 1635 465 1680 Sententias
485 1643 579 1696 ipsas
593 1676 604 1694 ‚
624 1647 828 1700 aliquando
849 1668 928 1692 non
949 1659 1034 1697 satis
1051 1661 1151 1701 inter

160 1685 199 1726 se
225 1691 461 1735 cohaerentes
483 1727 495 1745 ‚
523 1701 829 1751 copulationibus
853 1709 1000 1750 idoneis
1025 1717 1150 1754 conti·-

153 1745 282 1783 nuavi.
301 1746 492 1798 Quaedam
513 1766 534 1790 a
552 1767 614 1792 me
635 1757 748 1796 etiam
770 1759 851 1800 sunt
868 1764 1055 1804 interdum
1075 1769 1147 1808 ad-

150 1792 248 1845 jefia
263 1828 274 1846 ‚
298 1814 381 1852 quae
399 1832 411 1851 ‚
434 1817 474 1842 ut
495 1808 729 1857 probabilior
752 1813 924 1855 existeret
948 1821 1140 1875 apologo-

149 1861 235 1890 rum
255 1856 393 1898 veritas
408 1886 420 1908 ‚
442 1862 580 1914 requiri
603 1864 830 1907 videbantur
849 1883 863 1910 ε,
881 1873 1053 1923 quaedam
1072 1878 1140 1923 viz>
