1268 2361
380 147 788 193 LIBELLUS‘.
1000 163 1100 210 419

100 224 297 270 postmodum
310 225 367 260 esse
383 227 445 260 hoc
461 227 584 260 nomine
599 226 758 260 servandas
773 225 893 263 censui,
908 227 991 271 quod
1007 228 1099 270 paulo

101 269 250 304 diversam
276 279 293 302 a
320 269 475 311 Phaedria,
490 279 591 314 neque
619 278 720 304 tamen
749 269 932 312 absurdam,
951 271 1100 305 exhibere

47 344 59 349 s
101 312 251 346 rationem
266 312 336 346 visae
350 313 424 346 sunt.

101 385 122 430 f*
146 355 179 388 1².
195 365 252 398 43.
263 355 345 390 Rosa
359 357 391 389 δι
407 357 601 389 Amarantus.
617 355 803 396 Benserade,
819 355 838 390 f.
863 367 914 399 31.
940 357 1071 400 AEsopus
1083 380 1094 393 ‚

115 421 125 432 ι
147 408 168 432 2
217 424 226 433 .

148 408 236 482 V7.94.
250 442 464 484 Amaranms]
487 439 620 481 Plinius,
637 452 674 475 21
694 467 703 481 ‚
729 452 778 475 10.
795 441 944 474 Provenit
961 442 1094 485 Augusto

102 485 198 527 mense
219 496 229 517 .·
254 486 346 516 durat
367 488 401 516 in
423 494 646 517 autumnum...
661 485 690 516 G·
704 485 845 517 hibernas
859 497 990 517 coronas
1000 487 1098 528 facit.

146 528 189 563 V,
205 527 260 561 ult.
275 529 434 570 Contingit
449 529 554 559 horum
566 527 667 559 simile
684 529 697 570 ]
714 527 853 561 Phaedrus
865 551 874 563 ‚
889 539 925 567 4,
944 538 982 571 23
996 551 1006 564 ‚
1020 538 1054 570 9.

121 602 124 606 .
189 571 278 614 Quid
292 573 399 604 horum
415 569 515 604 simile
531 570 582 603 tibi
598 572 770 614 contingit,
784 572 893 604 rustica
911 571 924 603 ?

145 613 180 648 F.
196 623 234 656 45
251 638 260 653 ,
276 624 308 647 v.
326 623 353 647 1.
370 613 485 655 Ma‘m'
499 615 621 656 maris]
643 614 757 648 Cicero
771 639 779 654 ‚
803 615 889 648 Soin.
913 615 995 657 Scip.
1009 624 1039 648 c.
1064 614 1099 647 6.

106 656 201 691 Terra
215 657 395 699 circumfusi
412 625 470 688 [¹150
484 660 582 697 mari,
621 659 682 689 uod
699 658 890 689 Atlanticum
903 681 912 697 ,
935 660 1014 701 quod
1025 657 1100 688 Ma—

101 712 193 744 gnum
207 725 217 740 ‚
243 712 327 743 quem
351 700 505 731 Oceanum
521 712 595 744 appe
610 700 697 735 latis.
723 700 832 734 Plinius
847 726 855 742 ‚
874 709 890 743 3
906 725 914 742 ,
942 710 972 742 5.
987 701 1100 732 Atlan-

103 746 214 780 ticum,
230 743 268 775 ab
287 743 363 774 aliis
380 742 543 786 Magnum.

308 827 399 860 AD
448 827 738 860 LIBRUM
785 828 892 864 III.

106 886 222 949 PRO
233 923 263 948 L.
279 924 312 949 V.
327 925 358 947 2.
374 913 481 954 Nostri
490 916 609 956 priores
624 914 639 957 ]
662 912 805 948 Phaedrus
818 937 827 951 ‚
844 924 865 955 4
881 937 890 951 ,
909 924 959 957 19.
976 916 1027 949 16·

193 958 339 991 Abiturus
353 957 421 990 illuc
435 981 444 997 ‚
460 958 521 998 quo
536 958 652 1000 priores
665 957 815 992 abierunt.

106 999 217 1034 Plinius
242 1000 305 1042 jun.
327 1000 347 1033 l.
366 1008 405 1042 3,
422 1000 495 1043 epis.
512 1010 544 1040 4.
575 1000 722 1033 Veniebat
750 1004 782 1032 in
808 1011 955 1042 mentem,
983 1004 1102 1045 priores

109 1043 226 1084 nostros
239 1066 249 1079 ‚
278 1043 344 1076 δίς.

151 1086 192 1120 V.
209 1095 255 1119 11.
268 1085 394 1129 Igitur]
421 1084 641 1128 Quintilianus,
659 1085 729 1119 Infl.
746 1095 760 1118 1
774 1109 783 1122 ,
811 1095 838 1127 ς.
856 1087 927 1121 circ.
946 1087 1030 1122 med.
1055 1087 1103 1120 di-

110 1129 151 1163 cit
163 1129 244 1171 poffe
259 1128 407 1169 dubitari,
421 1138 457 1161 an
474 1137 536 1161 vox
550 1131 643 1170 igitur
670 1129 756 1162 initio
785 1130 928 1163 sermonis
949 1131 1030 1163 reste
1045 1141 1104 1173 po-

109 1172 290 1215 naturzipse
304 1180 403 1205 tamen
421 1171 536 1204 orditur
552 1171 619 1204 libri
640 1171 662 1203 8
694 1180 784 1215 caput
812 1182 826 1204 1
857 1173 894 1206 ab
914 1176 971 1206 hac
995 1176 1105 1206 eadem

24 1232 45 1273 ὲ,
110 1225 204 1249 voce.
222 1217 325 1259 Atque
350 1215 390 1248 ita
415 1212 534 1247 Plautus
550 1239 560 1256 ,
585 1214 735 1248 Sallustius
751 1241 760 1256 ,
786 1215 914 1258 Nepos,
938 1215 1079 1249 Phaedrus
1094 1242 1104 1258 ,

109 1258 301 1335 Tatgstssskol
316 1301 349 1334 ὅ(
364 1300 491 1344 Aquilo.
502 1299 544 1331 La
559 1299 701 1333 fontaine
717 1323 725 1335 ,
740 1299 761 1333 1.
776 1300 797 1332 6
809 1323 818 1336 ‚
833 1299 855 1334 f.
878 1311 908 1343 3.
920 1300 1083 1344 Hegemon
1095 1324 1105 1341 ‚

113 1344 137 1378 f.
158 1345 190 1378 6.
209 1344 415 1380 Camerarius,
429 1344 450 1376 f.
469 1342 666 1385 360.Faber‚
684 1343 704 1376 f.
721 1343 770 1376 18.
787 1343 869 1377 Ja'ius
882 1368 891 1382 ‚
903 1351 926 1377 t.
942 1353 956 1376 1
968 1368 976 1383 ‚
993 1355 1022 1387 p.
1036 1353 1109 1384 741.

154 1387 185 1421 F.
202 1398 234 1422 2.
264 1387 412 1430 Agricola
437 1388 470 1419 ὅ(
496 1386 638 1418 ciconia.
670 1386 840 1419 Benserade
855 1412 864 1428 ,
892 1387 913 1420 f.
937 1388 991 1420 86.
1016 1387 1108 1421 AEso·

51 1437 54 1439 ’
112 1440 189 1474 pus,
214 1430 235 1462 f.
265 1440 337 1471 175.

156 1474 196 1508 V.
216 1483 266 1506 12.
284 1473 407 1505 Subibis
423 1471 548 1513 necem]
564 1469 717 1504 Lucretius
730 1496 738 1510 ‚
760 1472 778 1504 Ι.
792 1471 830 1512 6,
848 1482 879 1504 v.
900 1481 974 1512 144.

200 1516 343 1558 Optimus
357 1518 416 1548 hoc
433 1516 480 1548 leti
496 1525 589 1557 genus
603 1524 678 1557 ergo
696 1516 824 1557 quisque
839 1515 967 1548 subibat.

156 1558 188 1591 F.
207 1568 236 1601 3.
253 1558 386 1592 Piscator
409 1559 442 1591 ὃ(
468 1557 642 1591 Ριῐςίςυῖυς,
667 1556 706 1590 La
730 1558 875 1591 fontaine
890 1582 897 1596 ,
918 1558 940 1591 Ι.
959 1567 996 1600 5,
1023 1558 1044 1592 f.
1074 1568 1106 1600 3.

114 1601 301 1640 Benserade‚
317 1601 337 1634 f.
357 1610 408 1634 111
427 1610 438 1637 ;
458 1601 478 1634 f.
497 1601 570 1642 136.
584 1601 715 1643 AEsopus
731 1625 740 1638 ,
755 1600 776 1633 f.
798 1611 867 1641 124.
884 1602 998 1634 Avien.
1014 1601 1033 1634 f.
1052 1613 1106 1635 20,

158 1645 197 1677 V.
214 1645 266 1677 uit.
288 1644 392 1676 Pretio
410 1645 495 1687 spem
518 1655 578 1675 non
607 1645 704 1687 emo]
729 1644 833 1676 Verba
856 1644 919 1676 sunt
944 1645 1081 1677 Terentii
1098 1670 1108 1686 ,

46 1688 68 1695 ’“
115 1687 210 1720 Adel.
226 1697 245 1720 2
260 1711 270 1726 ,
285 1699 328 1724 2,
351 1696 385 1720 11
402 1710 411 1726 ‚
435 1696 564 1729 quorum
591 1687 714 1730 quidem
741 1687 838 1719 sensus
866 1688 933 1719 est:
955 1689 1022 1730 Ego
1050 1688 1110 1720 bo-

116 1740 188 1763 num
215 1730 340 1773 praesens
362 1739 417 1772 pro
435 1730 521 1762 lucro
548 1730 665 1762 incerto
692 1739 753 1762 non
770 1731 919 1773 paciscor.

161 1772 193 1806 F.
209 1783 242 1813 4.
257 1772 397 1806 Membra
414 1773 447 1805 &
464 1773 589 1806 Venter.
605 1772 644 1805 La
658 1773 802 1806 Fontazne
818 1795 826 1808 ‚
849 1773 867 1805 i.
891 1781 904 1813 3
921 1797 929 1811 ,
949 1771 970 1804 f.
986 1783 1021 1804 2r
1033 1772 1110 1806 Ben-

117 1815 220 1849 serade
235 1839 244 1855 ‚
269 1815 291 1849 f.
314 1827 368 1856 42.
397 1816 577 1863 Anonymus
606 1815 750 1861 Neveleti
766 1840 775 1855 ,
801 1816 822 1849 f.
842 1825 891 1857 55.
920 1814 1115 1858 Regnorum,

118 1859 140 1891 1.
165 1869 185 1891 2
203 1884 211 1898 ‚
240 1857 262 1891 f.
289 1867 320 1897 4.
344 1857 459 1896 Faber,
488 1861 508 1890 t.
533 1868 596 1898 17.-
613 1858 722 1898 laius,
746 1866 770 1891 t.
794 1868 835 1896 2,
861 1869 889 1900 p.
910 1868 986 1898 752.
1008 1859 1111 1901 Quin-

119 1902 262 1937 tilianus,
290 1900 359 1934 lnst.
386 1909 424 1940 5,
452 1910 499 1934 11.
534 1900 698 1933 Menenius
724 1902 863 1944 Agrippa
896 1902 1012 1944 plebem
1044 1913 1113 1933 cum

119 1945 257 1987 patribus
271 1946 304 1979 in
326 1947 459 1988 gratiam
474 1946 606 1977 traditur
631 1944 776 1988 reduxiffe
798 1945 888 2001 ηοεᾶρ
895 1944 954 1991 ιἸΙᾷ
969 1946 1004 1977 de
1019 1956 1113 1977 mems-

873 1997 895 2020 >-
910 1996 947 2029 η
