1225 2367
187 126 274 191 258
342 127 500 172 ΓΑΒ.
535 125 1004 171 AESOPIARUM

207 222 232 246 43

469 206 1204 255 fflffiffizffl·1

335 290 735 336 FABULA
823 268 1016 337 xix.

197 387 402 434 Homines
420 387 503 429 duo
514 420 528 441 ‚
549 402 676 430 caecus
694 388 821 444 alter,
839 388 944 430 alter
961 386 1152 433 claudus.

180 475 272 552 D
280 526 305 550 U
319 525 344 549 ο
358 543 366 557 ,
381 527 490 550 caecus
505 516 590 549 aiter
602 543 611 559 ,
623 516 708 549 aiter
721 525 837 550 autem
849 514 971 550 debilis

179 567 321 599 Dextro
338 567 424 609 pede
435 591 444 607 ‚
458 565 621 599 homines
638 566 679 598 ad
694 566 823 598 vadum
840 566 1052 599 devenerant

180 614 466 648 formidolosum
482 626 489 647 :
504 613 713 647 restiterunt.
731 613 835 647 Audii
847 640 856 654 ‚

178 664 304 696 Caecus
321 662 369 695 ait
384 688 393 702 ‚
408 661 461 694 isti
477 687 485 702 ,
503 664 599 707 quod
615 662 755 707 quidem
776 672 867 696 nunc
883 661 1050 697 admones

180 710 330 745 Obstare
341 736 350 751 ‚
364 721 436 744 non
453 719 584 743 temere
601 709 667 744 effe
685 711 897 744 credendum
909 711 1001 744 vado
1016 723 1026 746 z

179 758 275 793 Hinc
290 769 439 803 namque
450 783 458 798 ‚
477 758 510 791 &
524 758 620 792 illinc
633 757 809 803 gramine&
821 784 829 799 ‚
844 769 948 803 quam
963 768 1000 793 tu
1012 758 1111 794 vides
1122 783 1135 801 ,

181 807 307 852 Specie
323 806 453 841 lutosas
468 806 587 852 obtegi
602 806 790 852 voragines
807 818 816 844 ¹,

178 856 222 889 In
235 867 318 900 quas
331 881 339 896 ‚
358 854 427 889 nisi
442 866 552 899 usque
569 855 682 889 media
695 864 854 889 teneatur
870 855 929 889 via
939 880 948 897 ,

179 905 399 938 Facillimum
417 902 484 937 effe
499 904 668 948 deprimi,
684 903 835 949 vestigio

179 954 335 987 fallente
347 978 355 992 ,
370 952 551 997 mergique
566 965 573 986 :
592 964 677 998 ergo
690 962 842 997 utroque
859 953 993 987 lumine

180 1001 342 1035 Privatus
353 1027 362 1040 ,
382 1002 472 1034 haud
484 1012 540 1034 me
554 1001 608 1034 his
623 1001 734 1035 ausim
751 1001 849 1044 aquis
864 1001 1098 1036 committere.

180 1051 305 1095 Neque
319 1061 385 1094 ego
400 1050 596 1083 mehercule
608 1076 616 1091 ‚
634 1049 750 1094 inquit
765 1050 933 1090 claudus,
952 1050 1019 1084 hoc
1035 1050 1122 1094 pede

181 1100 267 1132 Uno
284 1097 469 1139 adjuvante
480 1123 489 1139 ,
506 1109 571 1131 nec
587 1098 669 1132 satis
684 1097 812 1138 stabili,
830 1109 944 1143 neque

182 1146 273 1180 Satis
290 1146 458 1190 expedito
469 1172 478 1186 ,
495 1147 583 1180 hanc
599 1146 738 1191 aggredi
751 1146 847 1179 viam
861 1146 969 1180 velim
987 1159 996 1181 :

182 1196 250 1229 Sed
262 1194 399 1228 humeri
412 1195 520 1228 fortes
537 1195 600 1228 tibi
617 1196 695 1228 sunt
710 1207 720 1233 ·‚
737 1195 771 1228 &
784 1195 896 1228 oculis
913 1205 981 1240 ego

183 1243 286 1277 Clar‘e
299 1242 498 1276 videntibus
513 1253 595 1276 utor
611 1256 618 1277 :
635 1243 774 1287 imponi
787 1253 854 1276 tuae

184 1292 326 1326 Cei-vici
343 1304 398 1325 me
413 1291 489 1326 sine
506 1304 514 1325 t
530 1293 744 1336 gradientem
760 1291 919 1336 dirigam.

183 1340 332 1374 Affentit
347 1341 405 1374 ille
421 1352 430 1374 ε
447 1340 497 1374 sic
512 1342 658 1381 vadum,
679 1342 773 1386 quod
788 1340 953 1374 uterlibet

185 1391 289 1423 Solus
308 1388 477 1434 nequisset
493 1389 569 1424 sine
584 1390 746 1434 periculo
763 1389 898 1434 ingredi
912 1415 922 1431 ,

185 1438 270 1472 Tuti
284 1438 389 1472 simul
403 1449 471 1481 ope
485 1439 603 1472 mutu&
619 1439 720 1472 ambo
736 1438 924 1472 transeunt.

233 1487 286 1520 Ad
300 1498 404 1522 omne
421 1487 550 1532 spedat
565 1487 677 1521 fabula
690 1487 879 1520 humanum
894 1496 1022 1533 genus.
