1225 2367
193 111 289 160 '144
355 101 504 144 ΕΑΒ.
539 98 1024 144 AESoPIARUM

191 181 407 215 Verberibus
423 181 492 213 huc
506 190 562 212 me
579 179 729 223 denique
746 179 911 212 miserum
928 180 1070 224 impulit

192 230 241 263 Ut
255 232 321 262 hoc
338 229 536 273 defugerem
551 253 560 269 ‚
577 239 650 261 non
664 230 759 272 quod
775 228 1015 261 infortunium

191 278 354 311 Intuleris
365 303 373 318 ‚
388 288 421 310 at
437 278 532 322 quod
548 287 581 309 te
597 277 784 321 prohibere
801 277 975 320 oportuit.

241 327 370 359 Vetare
381 351 390 366 ‚
407 337 450 358 ne
464 327 555 358 mala
571 325 780 365 inferantur,
802 325 864 370 qui
880 325 995 369 potest
1008 350 1018 366 ‚
1041 367 1045 370 Α

189 374 233 408 Et
248 386 322 408 non
336 385 435 407 vetat
449 400 458 415 ,
472 375 564 407 idem
575 399 584 414 ,
602 384 641 406 ac
659 374 731 417 ipse
747 373 778 406 si
796 373 939 407 inferret
952 399 961 415 ,
978 373 1073 409 facit.

651 463 716 482 *n-

319 470 1048 522 e———aueffisse

380 562 410 606 F
456 563 496 606 A
542 562 575 606 B
623 562 669 607 U
713 562 748 607 L
792 561 833 606 A
930 561 988 606 V.

454 656 626 715 Jupiter
641 654 683 701 ὃ·
703 657 912 722 Rusticus.

189 704 313 807 (ἕο
326 780 340 804 1
351 779 379 803 D
392 780 416 803 A
430 780 464 803 M
480 771 636 803 locatum
653 771 693 804 ab
710 771 785 814 ipso
802 770 961 804 maximo
977 770 1071 806 Jove

183 820 342 853 Fundum
358 820 505 853 feracem
527 819 686 852 Rusticus
704 821 920 853 conduxerat
936 845 947 861 ‚

183 869 481 914 Transegeratque
497 894 506 909 ‚
524 868 557 900 ὅ(
574 868 773 911 paffionem
790 869 922 902 fecerat
934 894 944 910 ,

182 917 233 950 Ut
249 918 455 950 constitutos
473 917 563 949 intra
579 916 709 950 limites
724 918 799 962 agri

181 966 256 999 Sibi
273 967 478 999 ordinandas
494 965 710 1009 tempestates
726 967 888 999 traderet.

181 1014 400 1048 Laetissimus
416 1026 499 1060 ergo
511 1040 519 1055 ,
534 1014 681 1059 spesque
696 1015 817 1047 animo
831 1024 974 1059 magnas
989 1017 1163 1059 movens,'

181 1063 378 1097 Proscindit
394 1074 516 1096 arvum
532 1075 541 1100 ·,
557 1064 695 1096 mandat
706 1089 715 1103 ‚
733 1073 834 1096 occat
849 1063 980 1096 semina
994 1076 1003 1097 t

180 1112 223 1144 Et
237 1113 358 1145 sudum
369 1138 378 1152 ‚
394 1112 427 1144 δε
441 1112 587 1152 imbres,
607 1111 640 1144 &
658 1113 809 1145 calorem
821 1138 829 1153 ‚
846 1112 880 1145 &
895 1111 1027 1156 frigora

181 1161 319 1194 Inducit
330 1186 339 1201 ‚
355 1170 545 1204 utcumque
561 1159 735 1203 optimum
748 1161 823 1193 fore
839 1170 1013 1194 autumat:

176 1209 315 1242 Tamen
331 1211 374 1242 ad
387 1219 584 1242 extremum
601 1208 771 1252 pessimas
785 1209 916 1254 segetes
933 1208 1049 1244 metit.

178 1259 307 1291 Secum
322 1267 526 1302 querentem
545 1257 808 1291 commiseratus
822 1257 959 1301 Jupiter

179 1308 381 1350 Compellat
396 1307 490 1339 ultro
505 1318 512 1339 :
530 1306 674 1350 Teque,
687 1306 778 1339 dixit
789 1332 798 1345 ‚
814 1317 857 1339 an
871 1305 977 1339 sciam

178 1354 359 1388 Moderari
376 1354 501 1388 melius
512 1381 521 1392 ,
539 1355 573 1387 δε
588 1355 703 1388 varias
719 1354 800 1388 anni
816 1355 914 1387 vices

177 1403 308 1436 Utilius
327 1405 451 1436 ducere
462 1429 470 1443 ,
484 1402 639 1446 experiri
655 1414 746 1436 nunc
761 1405 872 1436 decet.

178 1452 339 1495 Ct‘imque
357 1451 540 1484 abstulisset
557 1452 724 1484 annuenti
738 1451 880 1484 Rustico

175 1500 368 1543 Imperium
385 1499 513 1543 ineptis
530 1498 620 1532 male
634 1500 864 1543 gubernatum
879 1499 1007 1532 artibus
1022 1510 1032 1537 ;

177 1548 368 1587 Hortatur,
387 1559 530 1592 operam
547 1547 576 1580 is
597 1557 635 1579 ut
650 1548 738 1581 velit
755 1546 864 1581 modo
877 1546 1032 1592 impiger'

175 1596 349 1629 Adhibere
364 1608 372 1628 z
388 1595 605 1639 tempestates
620 1596 691 1639 ipse
709 1596 834 1641 digerit

174 1644 327 1677 Ratione
340 1643 442 1677 solita
458 1656 466 1681 3
483 1644 516 1677 &
532 1643 634 1685 hujus
653 1655 736 1689 agro
749 1645 900 1689 largiens

174 1692 432 1737 Benignitatem
449 1693 525 1738 lege
541 1694 720 1726 communi
734 1692 850 1726 statam
866 1718 874 1733 ,

173 1741 329 1774 Demum
345 1740 498 1785 paternis
513 1741 632 1774 onmia
649 1740 741 1774 curis
757 1752 956 1786 temperans
967 1767 978 1783 ,

173 1790 226 1822 Ad
243 1801 304 1823 eos
320 1789 400 1823 facit
414 1800 486 1822 rem
504 1790 666 1835 progredi
684 1790 812 1823 sensim
827 1790 944 1824 exitus
960 1816 969 1831 ‚

172 1837 224 1870 Ut
240 1840 354 1871 redeat
371 1839 484 1882 ampla
499 1838 623 1871 messis
640 1851 647 1872 ε
667 1850 772 1883 quam
788 1840 870 1872 dum
886 1838 1044 1872 Rusticus

173 1886 349 1933 Colligere
363 1896 528 1932 properat
544 1912 552 1928 ‚
572 1897 689 1933 gratus
703 1888 793 1922 hanc
808 1898 936 1922 vocem
950 1888 1078 1970 edidgf
1106 1934 1113 1942 ·
1147 1932 1157 1945 Δ

1065 1946 1163 1970 ivuia
