1268 2361
139 90 313 136 LIBER
340 100 598 135 DECIMUS
632 101 914 145 QUARTUS.
952 104 1040 155 335

69 179 503 219 c———r-ssae-
654 188 763 204 z

197 254 603 301 FABULA
686 255 912 304 XIII.

314 351 487 396 Aranea
519 352 558 395 δ’
588 352 798 414 Podagrct.

1003 184 1037 215 ⁹5

63 426 148 502 R
164 476 188 500 o
202 475 228 500 G
240 475 265 499 Α
277 474 301 499 τ
313 475 339 499 υ
351 476 367 499 s
385 465 473 499 olim
488 465 627 511 Jupiter
642 468 683 500 ab
699 467 834 501 Aranea
849 494 858 509 ‚

62 516 288 560 Podagraque
303 541 313 555 ,
329 526 462 548 certum
478 527 517 549 ut
534 516 619 560 ipsis
636 516 856 550 domicilium
873 518 967 552 daret
980 543 991 562 ‚

63 565 198 598 Annuit
212 591 221 605 ,
240 565 274 598 &
288 567 397 598 altum
414 564 562 598 ostendit
579 565 659 598 hinc
675 565 841 609 palatium
855 577 866 604 ·‚

63 613 249 657 Adspicere
265 613 353 647 veri>
370 614 471 656 jussit
487 614 568 648 hinc
583 616 753 648 humilem
772 615 884 647 casam
901 627 910 649 ε

63 663 326 696 Tantummodo
343 664 453 696 ambae
469 663 560 697 scrib
577 665 851 707 perpenderent,

64 711 162 753 Quid
178 712 234 745 cui
250 712 359 757 magis
375 714 527 756 placeret
539 738 548 752 ‚
566 713 599 745 ὃ(
616 712 707 745 bona
725 712 792 744 fide

64 760 160 793 Inter
176 762 209 794 se
225 762 260 794 id
274 772 378 794 omne
395 761 627 806 tramigcrent
642 761 838 804 negotium.

116 810 242 842 Mirata
258 810 409 854 primum
427 809 473 843 est
491 811 644 854 Podagra
660 808 882 854 magnificam
899 809 1058 849 domum,

67 858 136 892 Sed
152 858 292 893 curios&
310 858 432 892 cundia
449 858 530 892 d'um
548 858 744 892 considerat
759 884 768 899 ‚

25 928 27 930 -
67 906 229 940 Medicos
242 934 250 946 ‚
266 908 448 953 chirurgos
460 933 469 948 ,
488 908 521 940 &
534 908 616 941 alias
630 907 740 951 pestes
757 906 881 942 videns

69 956 150 989 Huc
163 957 335 990 ventitare
350 983 360 998 ,
376 956 508 990 muniis
525 957 721 990 crudelibus

68 1004 118 1037 Ut
135 1005 379 1049 fungerentur,
395 1004 497 1039 valde
513 1006 554 1038 ab
571 1005 625 1038 his
642 1002 838 1039 tor⁸toribus

70 1053 143 1086 Sibi
161 1056 353 1087 cavendum
370 1054 491 1095 duxit,
507 1066 545 1087 ac
560 1053 758 1098 periculum

70 1100 230 1148 Effugere
244 1101 358 1136 statuit
375 1116 382 1136 :
398 1114 483 1148 ergo
497 1114 588 1136 amat
602 1103 715 1136 casam
732 1101 836 1136 unic&
849 1128 861 1145 ,

69 1150 113 1185 Et
129 1152 243 1184 laudat
254 1177 262 1191 ,
279 1152 313 1185 &
328 1152 442 1185 sedem
461 1162 561 1196 optat
580 1152 617 1184 in
630 1162 670 1185 ea
688 1151 806 1196 figere.

70 1199 205 1233 Aranea
220 1211 336 1234 autem
351 1201 546 1245 splendidas
563 1201 652 1233 aedes
669 1200 766 1233 videt
776 1226 785 1241 ,

71 1249 196 1292 Stupet
209 1274 218 1289 ‚
235 1251 357 1293 probat
367 1276 375 1289 ‚
390 1260 482 1283 amat
497 1261 507 1286 ¹,
520 1249 768 1294 tuguriumque
782 1248 958 1283 sordidum

73 1298 282 1331 Contemni:
293 1324 302 1338 ,
321 1299 353 1332 &
371 1298 566 1331 aversatur:
582 1298 702 1342 iraque
716 1308 751 1330 re
765 1297 871 1330 simul

73 1345 251 1389 Utrinque
265 1347 384 1390 aperta
396 1373 404 1387 ‚
421 1346 531 1380 facilis
544 1345 591 1379 est
605 1344 813 1379 conventio.

124 1394 238 1427 Vastis
255 1396 389 1428 Aranea
406 1395 506 1428 tectis
523 1395 698 1428 exsultans
714 1394 803 1428 subit
817 1407 826 1428 t

76 1443 273 1488 Ingreditur
288 1444 413 1476 atrium
426 1471 434 1484 ,
451 1443 526 1485 ejus
545 1444 578 1476 &
595 1443 707 1476 varias
721 1454 808 1488 opes

77 1493 175 1525 Dum
192 1503 292 1526 cauta
308 1492 443 1534 lustrat,
461 1494 495 1526 ὅ(
511 1492 647 1526 inhians
661 1491 896 1536 circumspicit
909 1517 920 1535 ,

79 1541 207 1574 Aurata
223 1541 351 1575 sensim
367 1542 500 1585 adrepit
516 1543 556 1574 ad
572 1541 746 1586 laquearia
760 1553 770 1579 ·,

79 1590 201 1634 Ibique
219 1589 322 1624 caffes
339 1591 460 1624 tendit.
479 1591 532 1623 Ex
547 1590 718 1623 sententia

80 1638 176 1672 Bell'e
189 1638 270 1671 satis
285 1639 353 1683 ipsi
368 1639 487 1672 cuncta
503 1639 571 1680 jam
588 1637 837 1678 successerant·,

81 1687 290 1732 Muscasque
305 1687 374 1730 jam
388 1689 524 1732 aliquot
540 1698 677 1731 ceperat
693 1701 700 1721 :
717 1687 787 1721 sese
802 1689 911 1721 larem

80 1736 248 1780 Denique
263 1738 404 1780 putabat
416 1738 542 1770 habere
557 1737 625 1770 'iam
642 1736 875 1770 certissimum
893 1749 903 1771 ε

83 1786 129 1818 At
144 1796 225 1818 ecce
239 1786 323 1819 telas
341 1785 503 1820 atriensis
519 1785 678 1819 servulus

83 1834 197 1868 Simul
213 1833 410 1868 inhonestas
426 1834 588 1878 adspicit,
605 1834 726 1876 scopas
740 1832 849 1867 simul

83 1882 186 1918 Fixas
203 1883 364 1917 arundini
379 1884 571 1918 admovens
588 1908 598 1924 ,
613 1881 705 1918 tastu
719 1881 792 1922 levi
