1287 2367
224 86 287 138 '88
388 90 540 135 ΓΑΒ.
573 85 1050 137 AEsoPIARUM

223 171 387 214 Quarum
401 170 570 205 videlicet
586 170 744 215 inopinis
759 172 941 206 morsibus·

223 219 447 265 Infligeretur
461 222 590 254 vulnus
607 220 798 255 insanabile
814 234 823 255 :

223 268 348 313 Itaque
365 270 552 313 prudenter
568 279 684 314 ageret
700 282 710 308 ·‚
727 280 786 303 aut
802 269 920 314 potius
934 271 1010 305 loci

223 317 386 350 Nimit‘1m
404 317 547 363 maligni
564 319 808 352 amoenitatem
824 320 1000 363 sperneret
1013 345 1029 361 r

223 366 502 411 Discederetque
513 392 522 408 ‚
536 367 566 399 si
583 367 728 411 saperet.
746 368 939 401 Exterritus

223 414 339 448 Haesit
356 426 441 459 puer
458 441 468 455 ‚
486 416 695 460 avidamque
713 416 890 450 continuit
902 427 1060 452 manum.

224 463 272 496 At
288 475 375 496 mox
391 465 552 498 reci-escit
566 465 701 498 viribus
717 466 855 509 pollens
872 466 977 499 novis

224 514 369 557 Cupido
385 539 393 554 ,
412 524 499 547 mox
513 514 547 546 &
563 513 713 558 imperat
728 514 828 557 pulso
845 524 954 549 metu.

224 561 319 606 Ergo
337 562 396 595 ille
409 562 514 607 genio
531 562 640 596 libere
657 563 812 608 indulget
828 563 904 597 suo.

225 610 274 643 At
290 610 425 644 violam
440 638 448 652 ‚
466 623 543 656 quae
561 611 714 645 micabat
730 611 820 645 inter
836 611 992 657 gramina
1006 637 1016 652 ‚

225 659 354 704 Ungue
372 661 577 693 temerarius
594 660 760 704 improbo
779 660 857 694 cum
875 671 1032 705 carperet
1045 685 1058 702 5

225 708 379 753 Attingit
396 709 524 742 inscius
539 735 550 750 ,
567 708 770 753 excitatque
790 709 951 753 viperam

224 756 279 790 Ibi
296 758 529 791 excubantem
546 771 553 790 :
572 769 650 802 quae
667 757 771 791 simul
788 759 890 791 dente
907 758 1030 802 aspero

225 805 333 839 Hunc
348 806 472 852 pungit
489 833 498 847 ‚
516 807 549 839 &
564 817 706 839 veneno
721 806 818 839 letali
834 806 975 840 imbuit.

275 855 346 888 Ubi
362 855 409 888 est
423 857 590 900 voluptas
602 881 611 896 ‚
628 854 695 888 effe
711 855 762 888 ibi
778 855 975 899 periculum

225 903 310 938 Non
324 904 429 939 facile
447 904 560 946 credi,
578 903 726 938 ostendit
741 905 816 938 haec
833 905 1001 939 narratio.

404 1078 435 1122 F
471 1078 512 1122 A
548 1078 581 1122 B
617 1077 662 1122 U
696 1077 734 1124 L
767 1078 808 1122 A
895 1076 944 1122 X
977 1076 1040 1122 X.

444 1173 630 1218 Anicula
647 1170 689 1218 δ’
706 1171 795 1231 ejus
809 1173 1000 1218 Ancilla.

225 1245 352 1323 ὓυ
364 1296 389 1321 Α
401 1297 417 1320 s
436 1288 586 1321 habebat
602 1287 751 1321 Anicula
767 1287 924 1321 Ancillas
941 1286 1037 1320 domi
1053 1298 1070 1325 ·,

225 1337 365 1381 Easque
382 1338 423 1370 ad
441 1347 583 1370 cantum
600 1337 680 1381 galli
697 1337 901 1382 gallinacei,

226 1386 345 1428 Quem
361 1386 429 1419 sibi
446 1387 488 1419 ad
503 1386 537 1418 id
553 1385 667 1430 ipsum
682 1387 836 1419 nutribat
849 1411 858 1426 ‚
877 1383 1035 1429 quotidie

225 1434 306 1477 Ipsa
322 1435 498 1468 excitabat
511 1461 520 1475 ‚
538 1445 726 1479 antequam
741 1434 932 1467 lucesceret
946 1459 956 1474 ‚

225 1483 277 1516 Ut
291 1483 447 1516 facerent
462 1494 565 1527 opus.
582 1484 628 1515 At
644 1484 710 1516 illa·
729 1492 835 1516 motae
852 1482 1007 1527 denique>

224 1531 316 1564 Tam
332 1532 521 1576 pertinacis
539 1533 644 1565 toedio
660 1531 855 1577 vigilantiae
870 1557 879 1572 ‚

225 1580 451 1614 Obtruncant
467 1582 596 1626 gallum
608 1607 618 1622 ‚
634 1581 808 1624 sperantes
820 1607 829 1621 ‚
845 1581 915 1613 hoc
932 1589 1074 1613 mortuo
1086 1605 1099 1622 ‚.

226 1629 271 1662 Se
288 1629 383 1673 posse
400 1630 526 1662 somno
541 1629 703 1674 longiore
721 1629 789 1670 jam
805 1629 888 1662 frui.

226 1678 296 1710 Sed
310 1689 397 1711 mox
413 1689 533 1712 earum
550 1678 646 1721 spem
662 1678 787 1711 fefellit
804 1677 920 1710 exitus
937 1689 948 1714 3

225 1725 320 1759 Hera
335 1738 486 1772 namque
501 1753 512 1768 ⁷
525 1726 708 1771 postquam
723 1727 832 1772 gallus
851 1725 988 1759 occisus
1006 1725 1073 1760 fuit
1085 1750 1097 1768 ,

226 1773 304 1808 Jam
321 1775 458 1820 surgere
475 1776 565 1820 ipsas
582 1775 685 1809 noete
702 1774 905 1818 intempesta
918 1773 1027 1816 jubet.

275 1824 447 1858 Mortales
465 1824 610 1869 aliquod
625 1825 756 1857 evitare
773 1825 854 1857 dum
870 1823 1003 1856 student

226 1870 322 1908 Leve
336 1874 467 1909 malum
482 1899 492 1917 ,
511 1874 548 1908 in
564 1873 655 1908 aliud
671 1873 760 1919 saepe
776 1873 919 1920 gravius
934 1870 1106 1909 incidunt.

357 1007 380 1030 ἡ
