1225 2367
204 117 295 163 262
362 117 1029 163 FAB.AESOP1ARUM

206 197 1170 244 ΰΞΞ-ὧᾱῇ-ΕΞ-κ-ξξῦ
1214 251 1215 259 ¹

355 282 721 328 FABULA
788 283 1029 331 XXIV.

503 377 891 438 Lynx&Talpa.

201 448 317 528 ὓς
330 502 356 526 U
370 501 389 526 L
401 501 425 525 Α
439 501 462 525 τ
474 501 500 525 Α
518 502 610 525 caeco
625 492 742 536 Talpae
757 492 863 537 Lynx
878 505 885 526 :
902 491 998 536 Quid
1011 493 1076 536 est,
1092 494 1140 529 ait
1154 520 1166 538 ,
1214 514 1216 533 ;

195 542 269 574 Cur
281 542 392 575 vitam
406 552 520 575 amare
538 542 654 585 possis
666 567 674 582 ‚
691 540 767 574 cum
787 541 871 575 scias
888 542 994 576 miser
1214 540 1216 567 ἶ

194 590 324 623 Lucem
336 616 344 631 ‚
359 590 563 624 universum
580 601 655 634 quae
668 589 767 632 juvat
786 591 954 624 mundum
965 617 974 633 ,
991 591 1057 626 tibi

193 638 359 672 Inutilem
376 638 443 672 effe
457 641 472 673 ?
490 650 633 672 munere
647 648 745 672 tanto
760 650 838 684 quae
853 649 966 681 caret,

191 687 300 720 Illane
317 690 475 721 vocanda
490 688 564 720 vita
581 688 627 720 est
641 690 655 722 ἓ
669 689 738 721 hoc
753 698 851 721 tuum
865 698 984 722 tamen

192 735 364 781 Intelligis
382 737 455 780 ipse
469 736 585 769 forsan
599 736 831 770 infortunium
846 749 856 775 ·,

191 784 348 829 Ideoque
363 786 514 829 quodam
528 784 635 817 vivus
653 784 689 817 in
706 787 842 818 tumulo
857 786 963 827 lates,

189 833 259 866 Sub
272 834 451 878 humoque
468 834 595 878 degens
610 834 770 866 omnium
787 834 966 878 adspectus
982 833 1095 881 fugisz

188 881 235 914 At
249 882 373 915 ceteris
387 892 425 915 ut
445 883 569 923 lateas,
586 892 659 914 non
677 883 763 915 lates
779 882 867 916 mihi
879 908 890 924 ‚

188 930 308 963 Oculo
326 942 401 975 quae
415 940 518 963 acuto
533 930 569 963 in
584 930 720 964 abditos
735 939 835 964 terrae
851 931 950 965 sinus

186 977 371 1013 Penetrare
385 979 486 1013 novi.
501 980 610 1023 Talpa
628 978 750 1012 contra
767 979 818 1013 sic
832 980 937 1014 refert
951 993 961 1015 ι

187 1028 339 1061 Cernere
356 1039 426 1061 tam
444 1038 582 1061 acutum
595 1027 691 1072 quod
704 1028 890 1074 benignior
905 1028 971 1062 tibi

185 1077 357 1120 Superum
371 1078 536 1110 voluntas
552 1076 684 1110 dederit
694 1102 703 1117 ‚
717 1078 812 1110 ultro
828 1079 983 1123 gratulor
996 1089 1007 1117 3

183 1126 253 1158 Sed
266 1136 379 1169 neque
389 1150 399 1165 ,
414 1124 508 1169 quod
522 1124 599 1166 ista,
615 1136 719 1169 quam
733 1126 965 1159 calamitatem
978 1135 1079 1172 putas

183 1173 422 1207 Miserrimam
436 1172 503 1206 effe
513 1199 523 1214 ‚
541 1173 675 1206 caecitas
693 1174 743 1207 sic
757 1186 813 1208 me
828 1175 946 1208 obruit
960 1200 971 1217 ,

183 1222 385 1266 Tantopere
401 1221 465 1254 tibi
480 1221 660 1265 despefffls
673 1221 740 1255 effe
753 1224 863 1256 debeo
877 1236 887 1258 :

181 1271 271 1303 Nam
288 1270 475 1316 singularis
492 1269 579 1303 mihi
594 1270 735 1304 facultas
749 1271 885 1304 aurium

182 1320 274 1352 Data
286 1319 353 1352 fuit
367 1332 375 1353 ε
395 1320 429 1352 &
443 1329 534 1352 nunc
546 1344 554 1353 .
567 1345 576 1352 .
590 1345 598 1352 .
616 1318 710 1352 certe
726 1330 818 1354 nunc
831 1319 983 1365 aliquem
996 1320 1121 1356 sonum
1134 1345 1147 1364 ,

181 1368 262 1401 Tibi
276 1368 390 1401 forsan
404 1367 537 1412 aliquid
551 1367 644 1401 triste
659 1367 880 1402 minitantem
891 1395 901 1410 ‚
915 1369 1032 1406 audio.

180 1416 296 1449 Sonus
310 1425 382 1450 erat
396 1417 510 1457 arcus,
528 1427 633 1460 quem
649 1417 784 1451 abditus
803 1419 994 1451 tetenderat

180 1465 361 1505 Venator,
375 1466 482 1498 altum
497 1466 634 1509 adigere
648 1467 778 1499 vulnus
792 1465 977 1502 destinans.

178 1513 292 1546 Volat
308 1513 429 1557 sagitta
440 1539 448 1553 ‚
463 1513 593 1557 Lyncis
609 1514 642 1546 ὅ(
659 1515 916 1547 transverberat

177 1561 301 1595 Pectus
316 1573 325 1599 3
343 1563 535 1606 oculosque
550 1587 558 1602 ‚
576 1571 739 1606 poterant
753 1563 812 1607 qui
828 1562 1071 1598 densissimam

177 1611 346 1653 Superare
363 1610 502 1643 noctem
513 1633 522 1648 ,
540 1620 669 1643 aeterna
683 1610 753 1652 jam
770 1623 844 1644 nox
859 1621 1021 1656 occupat.

225 1659 355 1691 Natura
371 1659 489 1692 dotem
503 1658 628 1702 cuique
641 1659 763 1704 largita
777 1659 824 1693 est
838 1660 933 1693 suam
949 1672 960 1699 ;

176 1707 251 1742 Nec
265 1707 398 1752 semper
412 1706 535 1745 utilior
547 1707 594 1742 est
605 1733 613 1749 ,
630 1719 706 1752 quae
721 1709 831 1755 magis
845 1710 971 1753 placet.

640 1823 695 1862 ιῖῑῑὲι

642 1859 694 1877 ‚fit
