1268 2361
148 108 320 155 LIBER
347 121 611 156 DEcmws
643 119 925 166 QUARTUS.
964 117 1059 172 349

72 189 1038 238 ἴςξπ--ῄ-Η-ὲῇῗΐὲὲ--ε-ψ-τῖ·

189 276 543 331 ,ΡΑΒΠΒΑ
611 276 929 322 XXVIII.

307 372 468 434 Magus
496 370 539 417 ἃ
567 372 813 417 Circulator.
855 417 859 420 ,

74 441 125 518 S
136 493 162 518 ο
174 494 194 518 L
206 495 220 518 1
232 493 255 518 τ
267 494 293 519 U
305 495 321 519 s
340 497 401 530 per
417 495 506 519 artes
523 485 746 519 exsecrandas
762 497 918 529 quaerere

71 533 231 567 Subsidia
249 536 368 568 duram
385 544 506 568 contra
521 535 721 578 parperiem
738 535 863 579 Magus
876 560 886 576 ‚

69 581 114 614 Et
129 582 326 616 Circulator
342 583 467 616 doetus.
476 583 601 615 humili
616 583 652 616 in
668 584 807 626 pulpito

69 630 212 675 Agitare
226 641 366 676 gentem
383 632 614 676 pigmaeorum
632 631 781 676 ligneam
798 658 807 673 ,

66 680 279 723 cauponam
293 681 449 713 eamdem
463 680 506 712 ad
518 680 690 722 publicam
705 682 918 714 devenerant
931 692 949 716 a

69 727 172 760 'Unde
187 727 268 761 effet
280 754 288 769 ‚
305 729 339 761 &
353 727 424 772 quo
440 730 579 761 duceret
597 728 682 768 iter,
699 729 854 762 invicem

66 773 255 820 Postquam
271 777 437 821 rogarunt
450 802 460 817 ,
473 787 510 809 ut
524 776 680 809 viatores
694 777 808 810 solent
823 790 833 816 ·,

66 823 198 869 Magus
213 825 311 868 prior
332 825 402 858 ait:
419 825 582 857 Advenio
597 825 734 858 Lutetia
750 838 758 858 :

67 873 124 906 Ibi
138 874 343 906 consuetum
357 875 505 906 Tartaro
521 873 674 906 officium
688 874 776 906 mihi

67 921 254 955 Praestante
267 948 275 962 ‚
292 923 407 955 varias
425 933 486 965 per
501 923 720 965 locupletum
738 924 862 956 domos

40 966 42 969 ’
67 970 222 1003 Exhibui
236 971 397 1003 humanis
415 969 592 1014 superiora
609 972 744 1004 viribus

67 1018 253 1064 Prodigia:
268 1020 391 1052 verum
403 1044 412 1059 ‚
425 1020 512 1052 heu!
531 1019 700 1062 quidlibet
716 1020 861 1053 monstri
878 1020 1017 1063 daremg

68 1067 244 1100 Humanae
263 1067 297 1100 id
310 1078 399 1111 opus
417 1066 463 1100 est
480 1068 648 1100 creditum
665 1069 814 1102 solertiae

69 1116 252 1160 Plerisque
265 1116 468 1149 hominibus
480 1141 489 1157 ‚
501 1116 711 1160 feminisque
726 1117 879 1151 maxime
893 1144 903 1158 ‚

65 1165 161 1207 Quae
177 1165 469 1208 philosophorum
486 1175 604 1209 regere
617 1176 708 1198 nunc
723 1167 836 1198 solent
845 1177 981 1211 greges.

70 1214 235 1257 Spretum
251 1213 358 1258 igitur
375 1214 490 1246 omnis
505 1224 560 1245 me
580 1214 701 1246 fefellit
716 1214 792 1257 spes
806 1214 893 1247 lucri
909 1227 918 1251 3

69 1261 260 1306 Magisque
275 1273 405 1305 pauper
421 1261 556 1301 abiens,
574 1261 676 1305 quam
693 1262 881 1295 adveniens
895 1287 903 1303 ‚
917 1261 982 1297 fui.

68 1309 133 1342 Sic
147 1310 272 1354 Magus
284 1335 293 1350 ‚
311 1320 345 1343 at
359 1309 480 1342 contra
496 1310 692 1343 circulator
706 1310 755 1343 sic
769 1311 874 1344 refert
889 1323 897 1345 z

69 1358 225 1392 Diversa
239 1357 348 1403 long'e
363 1359 432 1391 fata
449 1369 504 1391 me
521 1358 558 1390 in
571 1359 778 1403 voraginem

71 1407 233 1440 Mersere
247 1418 320 1440 non
335 1406 503 1440 absimilis
520 1407 704 1440 infortunii
717 1420 727 1445 3

69 1456 163 1491 Nam
179 1455 346 1488 ludicram
364 1467 507 1488 omnem
520 1456 688 1489 familiam
704 1468 816 1490 meam
833 1457 971 1490 trahens
987 1461 1000 1498 ‚⁴

70 1504 166 1537 cum
180 1516 235 1538 me
252 1504 457 1551 appuliffem
475 1507 657 1548 quamdam
674 1507 714 1537 ad
729 1507 848 1539 urbem
861 1506 1013 1541 Rhoetiae
1027 1511 1041 1548 ,’

70 1553 118 1586 Et
134 1553 170 1585 in
186 1554 357 1586 theatrum
369 1579 377 1593 ‚
395 1555 494 1598 quale
512 1564 576 1586 nos
593 1564 714 1587 tenues
729 1555 828 1588 decet
845 1581 853 1597 ‚

71 1601 214 1646 Populo
229 1601 389 1634 dedissem
408 1612 606 1635 convocato
619 1602 775 1647 virgines

73 1649 141 1683 Per
155 1661 299 1683 nemora
310 1676 320 1691 ‚
335 1662 394 1694 per
407 1662 508 1696 agros
527 1651 734 1684 cursitantes
751 1663 829 1685 cum
844 1651 914 1686 suis

76 1698 231 1731 Amasiis
242 1724 252 1739 ‚
267 1699 300 1731 o&
316 1710 425 1743 usque
439 1700 595 1745 virgines
610 1709 726 1733 tamen
742 1712 752 1737 ·‚

77 1747 192 1792 Reges
203 1773 211 1787 ‚
228 1748 412 1781 tetrarchas
424 1774 433 1789 ‚
452 1749 678 1791 imperatores
690 1774 698 1789 ‚
713 1750 816 1782 duces
833 1761 843 1786 3

78 1796 207 1828 Foedos
225 1795 379 1841 gigantes
392 1822 400 1836 ‚
416 1797 546 1829 milites
560 1797 752 1839 impervios

79 1843 248 1876 Telorum
263 1845 370 1877 acutis
390 1845 548 1878 omnium
565 1846 787 1878 mucronibus
801 1856 812 1882 ·‚
1054 1884 1063 1893 f

80 1892 192 1937 Super
206 1892 261 1928 his
275 1892 418 1938 repente
431 1904 553 1931 rumor
569 1894 609 1930 de
625 1904 681 1929 me
695 1893 863 1940 spargitur
1025 1905 1034 1914 ··
1045 1898 1064 1916 ²
1086 1909 1087 1912 ¹
