1268 2361
223 119 458 165 LIBER
518 125 873 163 DECIMUS.
944 131 1029 178 243

26 250 28 254 μ
337 198 1028 247 :aesgrffiess———a-

0 274 31 321 ²2³
241 286 272 330 F
308 283 348 328 A
383 285 415 329 B
451 284 497 330 U
532 285 567 328 L
603 283 641 327 A
710 281 757 329 X
791 284 842 328 L.

189 379 367 424 Pratum
392 415 407 435 ‚
441 380 552 438 Apis
588 414 602 437 ,
641 377 684 424 δ’
717 381 885 439 Vipera.

48 451 260 530 Hamis
278 502 441 538 opertum
457 502 532 526 erat
548 492 741 527 innumeris
755 493 894 528 Pratum
915 494 1011 529 ferax
1025 507 1037 534 ς

47 544 114 578 Sed
126 553 165 576 ut
180 544 331 577 salubres
346 544 471 575 multas
483 568 492 582 ‚
509 542 541 574 &
555 541 772 576 suavissimis

10 630 12 634 ⁸
45 590 179 626 Passim
196 590 363 624 offerebat
380 590 539 634 praeditas
556 592 734 625 coloribus

45 640 296 684 odoribusque
309 665 317 680 ‚
333 640 382 673 sic
396 639 502 672 etiam
519 639 654 683 aliquot
667 639 726 672 sua

38 689 271 733 'Contagione
282 714 291 729 ,
305 688 537 732 pestiferoque
553 687 680 721 noxias

47 736 199 771 Veneno
213 738 338 770 alebat.
355 737 432 769 Huc
445 736 596 779 adrepsit
610 735 765 780 Vipera,

46 785 203 830 Apisque
219 786 348 830 pariter
363 784 544 818 advolavit
558 797 566 818 :
585 794 619 817 at
635 784 702 818 fuit

0 835 1 856 ³
46 834 241 878 Utriusque
256 834 404 868 studium
419 832 526 878 longe
543 833 669 878 dispar.
689 834 775 867 Haec
792 833 887 867 enim

2 916 3 931 ἶ
44 881 248 931 Generandi
261 883 375 916 mellis
389 882 513 926 cupida
526 908 535 923 ‚
554 882 614 926 qui
631 882 849 926 gratissimus
861 908 872 922 ,

43 931 228 976 Simulque
243 931 348 965 fuerit
365 932 520 975 optimus
532 957 541 972 ‚
555 930 681 964 florem
696 931 789 965 hunc
806 931 916 976 petit.

4 1007 5 1012 ,
47 979 142 1015 Huic
157 981 323 1026 diligente
337 980 529 1025 pertinacia
543 979 671 1013 insidet
681 1007 691 1021 ,

46 1028 161 1071 Hujus
179 1029 335 1073 liquores
349 1028 548 1074 exquisitos
561 1029 743 1073 exprimit.

46 1077 94 1111 At
109 1077 242 1122 Vipera
253 1103 262 1119 ‚
279 1078 378 1112 suum
391 1088 428 1111 ut
445 1087 568 1122 augeat
587 1078 685 1111 virus
697 1104 706 1119 ,
721 1079 847 1111 malam

47 1125 182 1160 Cicutae
196 1127 238 1160 ad
253 1128 395 1160 herbam
409 1126 521 1160 tendit
535 1152 545 1167 ‚
560 1126 624 1159 heic
643 1127 677 1160 se
694 1126 885 1171 ingurgitat
895 1151 908 1168 ,

2 1194 3 1200 =
44 1174 247 1220 Succosque
264 1175 374 1209 tristes
389 1186 539 1219 corpore
553 1185 628 1208 atro
643 1175 827 1208 combibit.

96 1223 186 1257 Boni
203 1225 294 1258 bona
305 1249 314 1265 ,
327 1224 410 1257 mali
426 1226 516 1257 mala
533 1224 646 1256 solent
661 1234 706 1256 ex
720 1223 884 1258 omnibus

47 1271 214 1317 Deligere
227 1272 324 1306 libris
336 1298 345 1313 ‚
359 1272 503 1316 propria
519 1282 594 1315 quae
611 1271 739 1304 faciant
752 1271 833 1306 sibi.

208 1360 917 1409 —ss-——ssffoessss-——R

212 1447 245 1491 F
279 1448 320 1492 A
357 1447 389 1492 B
427 1446 472 1492 U
506 1447 542 1491 L
579 1446 620 1491 A
687 1446 735 1493 X
769 1448 805 1494 L
839 1449 872 1493 I.

371 1545 507 1588 Sorex
534 1540 578 1588 6²
596 1543 714 1588 Mus.

55 1613 167 1693 Cu
178 1666 213 1689 M
230 1655 395 1689 cantitare
407 1656 498 1690 bell'e
515 1656 585 1690 sese
600 1657 754 1691 crederet

53 1705 165 1739 Sorex
175 1730 185 1745 ‚
200 1714 320 1738 acutos
337 1715 398 1738 ore
411 1704 553 1738 stridulo
569 1705 677 1739 sonos

53 1753 156 1786 Ciere
171 1752 293 1786 solitus
305 1778 313 1792 ‚
327 1752 488 1797 gestiebat
498 1779 508 1794 ‚
523 1754 557 1787 ὃς
570 1753 638 1787 sibi

81 1800 239 1834 laudebat
253 1813 263 1839 3
280 1801 394 1835 Muris
411 1801 516 1835 etiam
531 1803 694 1846 carpebat
706 1801 827 1845 iocans

87 1848 354 1884 aciturnitatem.
367 1850 414 1883 At
430 1850 488 1884 ille
503 1863 512 1884 ε
526 1850 564 1884 Si
578 1850 713 1895 saperes
723 1876 734 1892 ‚
750 1851 798 1885 ait
813 1877 826 1895 ‚

84 1897 188 1933 ariter
203 1909 333 1941 taceres
350 1911 360 1934 ε
375 1910 446 1945 quo
462 1898 555 1936 disto
565 1924 577 1944 ‚
591 1899 696 1935 subiit
707 1911 850 1936 cavum.

771 1949 801 1984 1.
822 1947 848 1992 ij

180 1379 203 1403 «ε
