1268 2361
165 98 311 146 ΓΑΒ.
343 97 561 144 AEsoP.
594 96 731 144 LtB.
771 99 927 146 VIII.
971 101 1059 165 1632

67 179 304 226 scriptoribus
319 180 435 215 omnis
453 191 656 215 annumerat
673 181 875 226 antiquitas.

117 230 240 275 Neque
257 240 372 265 tamen
389 242 512 264 omnes
524 256 534 272 ‚
548 242 622 275 φη
640 231 700 264 sub
718 231 792 273 eJus
806 230 952 266 nomine

67 278 370 313 Circumferunrur
381 306 390 321 ‚
404 282 638 325 apologorum
652 280 765 314 texuit

65 327 294 362 Narrationes
311 342 318 362 :
338 330 448 363 immo
465 328 554 364 vero
571 328 636 362 vix
651 328 736 362 licet

64 376 237 411 Dubitare
252 403 261 419 ,
279 380 366 423 quin
383 380 566 424 plerasque
584 376 762 414 temeritas
778 377 874 413 rudis

10 426 21 434 ”
64 424 305 461 Librariorum
322 439 378 462 eas
397 427 690 472 mrerpolaverit3

63 474 235 520 Quasque
252 476 359 510 edrdit
370 503 379 518 ‚
396 478 519 511 harum
536 476 704 522 plurimas
719 475 893 511 affinxerit

63 522 234 558 Planudes
249 524 326 567 ille,
346 526 526 559 Maximus
544 525 762 570 praenomine
775 551 786 567 ,

62 571 115 606 Re
131 573 306 607 fabulator
332 575 366 608 δι
388 585 535 620 nugator
551 574 741 610 maximus.

112 622 180 655 Sed
193 623 310 656 fraude
327 624 493 669 quamvis
510 624 654 658 barbara
672 623 744 658 fere
762 623 927 659 omnibus

63 669 188 714 AEsopi
200 697 210 712 ,
224 674 344 716 quales
363 683 454 706 nunc
469 673 638 705 habemus
648 697 658 713 ‚
672 672 797 706 fabulis

61 719 205 753 Induc'ia
220 720 333 754 forma
349 721 396 755 est
413 721 567 754 deterior
580 732 590 759 ·‚
605 720 673 754 illae
691 731 811 754 tamen
843 757 847 760 ,

62 768 195 802 Facetae
212 770 326 803 adhuc
343 770 422 804 sunt
435 795 446 811 ‚
463 770 497 803 δι
513 770 634 803 valent
647 769 840 804 reconditis

56 817 340 859 Sententiarum,
359 819 606 863 luminumque
621 818 775 854 dotibus.

61 866 168 900 Certe
185 869 420 912 apologorum
435 868 571 912 semper
586 879 677 901 unus
693 867 749 902 hic
765 867 853 902 mihi

8 952 11 957 ¹
61 914 260 950 Thesaurus
274 916 340 950 effe
357 917 453 951 visus
469 916 517 950 est
532 916 612 950 sane
631 917 741 951 utilis.

63 963 209 999 Secutus
222 976 307 1010 ergo
322 968 484 1010 exempla
499 967 692 999 multorum
705 993 713 1007 ,
727 965 809 1000 hinc
826 978 914 1012 opes

61 1011 241 1047 Affumere
257 1015 344 1047 mihi
361 1015 503 1049 idoneas
525 1025 598 1048 non
614 1015 727 1049 destiti
744 1027 754 1054 ·,

61 1061 236 1107 Istumque
250 1074 358 1107 porro
374 1063 510 1098 confeci
526 1075 669 1097 omnem
687 1065 877 1109 prologum
888 1090 900 1106 ‚

61 1110 116 1145 Ne
133 1112 210 1156 quis
223 1111 388 1147 beneficii
404 1113 651 1147 immemorem
665 1124 721 1147 me
738 1113 882 1149 diceret.

511 1202 924 1250 ffi‘tss‘ssv·

302 1301 708 1349 FABULA
789 1302 821 1347 I.

381 1397 522 1443 Momi
549 1400 739 1460 cetzficra.

196 1218 219 1243 ·e

64 1464 230 1546 QPUS
244 1510 391 1556 quisque
402 1512 501 1547 suum
515 1513 735 1548 absolverant
745 1541 754 1555 ‚
765 1524 902 1550 taurum
913 1514 1056 1560 quidem

61 1560 247 1603 Neptunus
259 1587 268 1602 ‚
281 1560 465 1595 hominem
480 1562 616 1607 Jupiter
626 1588 636 1604 ‚
649 1563 760 1598 Pallas
779 1565 922 1598 domum
939 1578 946 1598 :

60 1608 227 1642 Momum
244 1610 459 1644 advocarunt
473 1622 483 1649 ·,
503 1612 535 1644 &
551 1638 560 1652 ‚
576 1612 688 1654 Super
703 1613 758 1646 his
775 1613 859 1656 quid
875 1614 1000 1648 sentias
1015 1640 1026 1657 0

60 1656 210 1690 Edissere
227 1658 330 1691 nobis
342 1685 352 1700 ‚
367 1658 543 1704 inquiunt.
563 1660 747 1705 Postquam
765 1662 847 1697 satis

61 1705 195 1739 Cunffii
210 1706 268 1739 ille
283 1707 352 1740 sese
369 1708 579 1742 examinasse
597 1710 741 1743 credidit
755 1724 763 1744 ·.

61 1755 133 1788 Cur
150 1766 222 1788 non
236 1756 294 1789 sua
310 1765 412 1791 tauro
427 1768 558 1792 cornua
572 1758 661 1793 infra
675 1761 801 1793 oculos
813 1786 822 1800 ‚
837 1760 884 1794 ait
894 1786 905 1802 ,

60 1803 149 1836 Sunt
164 1806 353 1847 collocata,
369 1817 407 1839 ut
421 1806 545 1841 melius
562 1806 670 1842 icium
685 1808 809 1854 dirigat
823 1812 837 1844 ἒ

60 1852 166 1887 Certe
182 1854 337 1888 hominis
354 1854 475 1899 pectus
487 1881 495 1895 ,
509 1855 651 1900 perfidis
667 1859 810 1902 plenum
827 1858 916 1894 dolis
930 1882 944 1902 ,

60 1900 94 1935 N
97 1912 144 1937 on
158 1904 387 1940 occulendum
397 1930 409 1950 ,
421 1904 480 1941 sed
493 1904 745 1971 fenestrandum
760 1906 840 1944 fuit..
