1225 2367
160 147 250 195 132
317 133 469 178 ΕΑΒ.
504 133 986 178 AESOPIARUM

418 205 1135 260 τ--ὲεῑυκι-α--ῳὸ

316 303 348 347 F
372 302 413 347 A
438 301 472 346 B
502 301 548 347 U
575 301 611 345 L
634 301 675 345 A
742 299 791 346 X
811 298 852 344 V
873 301 892 346 I
915 301 933 346 Ι
953 301 986 346 Ι.
1120 352 1122 356 .

255 399 491 443 Philomela
520 429 537 451 ,
582 397 740 441 Corvus
765 430 781 452 ,
827 393 870 441 δ’
915 396 1056 441 Bubo.
1110 371 1127 379 ς’

157 229 184 255 ⁴ss

213 470 247 497 Ὗ,

156 473 234 551 P&
254 524 279 547 A
291 523 314 547 T
327 523 353 546 U
366 522 392 546 R
403 522 429 545 A
445 510 566 545 vernis
583 521 746 555 pinxerat
762 510 942 545 coloribus

158 566 263 597 Fetus
280 563 555 607 repullulantes;
576 560 829 593 formosissimi

157 613 307 646 Ridebat
323 611 405 644 anni
421 611 549 644 blanda
563 608 746 653 tempestas
762 622 770 642 z
790 609 864 642 dies

159 661 359 696 festivitati
377 660 530 693 candidae
547 658 750 692 simillimus

159 711 306 744 Abierat
320 735 329 749 ,
348 710 382 742 &
397 718 580 752 paraverat
593 707 716 740 amicae
732 709 852 740 locum

159 757 424 804 Tranquillitati
441 770 449 790 ε
468 757 551 790 solis
569 756 666 789 aurei
684 757 780 789 calor

160 809 344 841 Extulerat
359 808 400 840 ab
417 805 508 851 agris
524 805 680 838 molliter
700 804 899 848 tepentibus
914 829 924 845 ‚

163 857 339 891 subtilem
355 857 504 890 odorum
522 854 663 898 copiam
676 880 684 895 ‚
700 864 805 897 quam
821 852 1005 897 paululum

161 906 290 940 Noffis
306 906 434 938 serenae
450 904 559 948 frigus
577 903 842 944 addensaverat‚

163 956 207 988 Et
224 956 261 988 in
277 954 431 999 parentis
448 964 552 999 regna
568 952 702 985 telluris
717 951 835 985 sinens

164 1004 335 1037 Recidere
347 1029 356 1043 ‚
371 1002 500 1036 florum
515 1028 525 1043 ,
541 1001 816 1045 floridarumque
830 1000 995 1034 arborum

164 1054 346 1086 Diurnum
362 1053 508 1085 odorem
524 1051 634 1084 odore
650 1050 815 1083 vincebat
825 1059 940 1082 novo.

216 1102 413 1136 Philomela
427 1102 513 1134 tales
531 1099 633 1132 avida
649 1099 792 1132 delicias
810 1098 904 1142 capit
917 1123 927 1138 ‚

164 1151 384 1195 Penitusque
400 1150 519 1183 condit
535 1147 678 1181 eruditis
696 1148 867 1181 sensibus.

166 1201 237 1234 Sed
252 1199 385 1234 efficaci
402 1210 489 1232 mox
505 1197 656 1231 scientiae
674 1197 868 1240 obsequens
884 1221 893 1236 ‚

166 1249 271 1283 Inflat
289 1259 456 1282 canorum
473 1257 609 1293 guttur,
628 1246 662 1279 &
678 1246 719 1279 ad
734 1256 857 1279 omnes
875 1243 1002 1278 modos

166 1298 345 1332 Intendit:
363 1308 480 1330 acrem
496 1307 610 1336 nunc,
628 1296 660 1328 &
677 1304 832 1339 argutam
847 1293 962 1326 vibrat

168 1347 339 1381 Animosa
354 1358 508 1386 vocem,
525 1355 624 1378 more
642 1343 833 1390 clangentis
849 1343 968 1376 tubae:

168 1397 272 1429 Nunc
289 1396 448 1441 languida
465 1394 616 1439 premit,
632 1393 779 1437 frangit,
796 1392 957 1425 obscurat
973 1389 1110 1429 sonos;‚

171 1446 215 1478 Et
230 1444 377 1478 deficere
394 1457 417 1477 v
421 1445 552 1483 idetur,
572 1443 605 1475 St
621 1442 822 1475 medullitus

171 1495 304 1527 Amore
321 1493 469 1538 flagrans
486 1492 614 1524 intimo
631 1491 836 1535 liquescere.

221 1542 424 1581 Favonius,
442 1552 556 1595 quem·
562 1539 633 1572 lilia
651 1539 741 1571 inter
757 1539 791 1572 ὅ(
807 1537 902 1571 rosas

173 1591 285 1625 Dulci
301 1592 440 1624 tenebat
456 1588 581 1622 inertia
596 1587 757 1621 vinstum
771 1588 902 1631 sopor,

175 1640 356 1686 Evigilat3
372 1639 501 1683 hasque
515 1638 644 1671 mirans
661 1647 734 1670 tam
749 1635 925 1670 volubiles
937 1660 953 1676 ,

178 1690 266 1722 Tam
287 1688 426 1722 delicati
442 1686 616 1720 flexiones
634 1685 782 1731 gutturis
797 1711 807 1726 ‚

175 1740 230 1772 Ne
249 1736 350 1771 ceffet
366 1737 452 1777 illa,
470 1735 607 1770 metuit.
625 1735 779 1779 Evigilat
795 1743 936 1778 quoque

175 1786 319 1821 corvus
333 1799 343 1825 ·,
360 1795 394 1820 at
409 1786 530 1829 inepto
547 1783 688 1818 tardus
681 1783 824 1828 ingenio
836 1809 845 1824 ,
863 1783 896 1815 &
913 1779 981 1815 sibi

172 1835 283 1878 Quod
299 1835 440 1868 somnus
457 1836 679 1878 abrumpatur
695 1831 786 1878 aegr‘e
804 1831 909 1864 etiam
926 1831 1039 1864 ferens
1055 1841 1063 1863 τ
1155 1864 1157 1869 ,

172 1886 260 1927 Quae
278 1894 311 1918 te
328 1886 417 1917 mala
431 1910 442 1925 ,
457 1882 573 1928 inquit
587 1909 597 1923 ,
615 1881 736 1915 cunsta
753 1880 880 1923 ubique
897 1881 978 1912 dum
996 1879 1100 1912 silent
1112 1900 1130 1920 ,
1156 1882 1164 1906 .'

173 1933 302 1968 Libido
319 1933 415 1978 cogit
427 1959 435 1973 ‚
452 1942 524 1966 tam
538 1930 679 1967 moleste
695 1939 735 1963 ut
750 1928 938 1975 perstrepas
953 1930 970 1964 ἓ
