1287 2367
265 96 326 159 78
426 70 1093 140 FABiAESOPIARUM
1215 155 1218 157 Α

271 202 279 210 -
298 175 1261 223 ῄ-αόῗμὲεκοοῖ

427 264 459 308 F
494 262 535 308 A
570 263 603 307 B
640 262 693 318 U⁴
719 262 755 307 L
789 261 830 305 A
931 263 976 308 V
1009 263 1029 308 I
1062 262 1095 308 I.

402 353 408 357 ’
495 357 677 412 Gallus,
695 359 862 402 Asinus
880 358 918 402 θ’
939 357 1039 402 Leo.

267 432 317 508 ἶ
330 483 355 506 N
372 483 491 519 agrum
505 473 667 507 eumdem
683 473 807 508 Gallus
818 498 828 514 ,
841 471 971 506 Asinus
988 471 1023 505 &
1034 471 1108 506 Leo

269 522 410 556 Venere
427 536 432 557 :
451 522 574 556 Gallus
592 522 701 556 tritici
717 533 822 568 grana
837 532 875 555 ut
889 522 1006 567 legat3

268 571 399 605 Asinus
414 597 423 612 ‚
438 573 592 616 palatum
609 572 743 605 carduis
759 581 798 604 ut
814 580 945 616 tergeat
962 583 972 609 ·‚

266 620 415 665 Leoque
429 646 438 661 ‚
455 622 606 664 praedam
623 620 654 654 si
671 630 775 665 quam
793 619 972 661 inveniat,
987 627 1026 652 ut
1037 626 1155 653 voret.

268 669 372 702 Adest
388 669 553 703 inventus
570 669 699 703 Asinus
718 682 724 702 :
740 670 836 702 hunc
851 679 936 714 ergo
953 666 1033 701 neci
1048 691 1059 709 ‚

270 717 437 751 Occurrit
455 718 595 763 quando
609 717 660 750 nil
674 716 800 750 melius
815 742 825 758 ‚
842 715 911 757 iam
929 714 1095 750 destinat:

268 766 387 800 Irruit.
406 767 451 799 At
467 777 546 800 ecce
563 766 689 800 Gallus
706 763 938 811 argutissimis

271 815 501 858 Perrumpere
518 825 617 848 auras
632 813 790 848 cantibus
807 813 911 849 simul
927 810 1083 857 incipit3

272 863 457 908 Simulque
474 863 593 910 fugere
613 862 751 909 cogitur
768 862 841 896 Leo
857 860 1011 896 territus.
1025 896 1027 898 ,

271 913 404 946 Natura
420 912 527 946 Gallo
543 913 634 946 hanc
650 922 777 956 nempe
792 910 963 944 virtutem
981 908 1075 943 dedit
1087 934 1099 952 ,

274 960 357 995 Sola
374 971 413 994 ut
427 961 564 994 Leones
580 972 673 994 voce
691 970 806 994 vertat
822 959 861 993 in
874 959 1005 1006 fugam.

272 1010 376 1043 Tunc
393 1009 521 1043 Asinus
537 1019 654 1043 autem
666 1035 676 1050 ,
688 1009 806 1055 fugere
822 1007 1054 1052 trepidantem
1068 1006 1180 1041 ferum

274 1058 347 1092 Ubi
364 1058 461 1092 videt
473 1084 482 1099 ,
496 1058 530 1091 se
546 1057 741 1091 terribilem
758 1056 861 1091 stulte
878 1055 1074 1094 existimat·‚

274 1108 452 1152 Illumque
468 1106 577 1140 credit
592 1133 602 1148 ‚
617 1118 663 1140 ex
678 1107 730 1140 sui
745 1106 858 1139 nimio
874 1115 971 1138 metu
985 1130 995 1146 ,

273 1158 428 1201 Fugere,
445 1156 614 1200 suumque
627 1156 715 1189 ferre
730 1167 773 1188 ne
792 1154 966 1198 asped‘tum
985 1152 1130 1198 quidem

275 1204 431 1239 Potuiss‘e
449 1217 459 1242 ·,
477 1216 518 1238 ac
532 1214 626 1238 tanta
643 1204 784 1238 caeeitas
800 1203 957 1236 animum
973 1211 1090 1244 tenet,

275 1255 326 1288 Ut
341 1253 448 1287 etiam
464 1254 689 1298 persequatur
703 1279 712 1294 ‚
729 1253 898 1298 ignavum
910 1261 1057 1285 vocans.

276 1304 347 1336 Sed
366 1302 462 1336 Galli
480 1313 601 1337 acutos
620 1302 698 1337 curn
712 1302 785 1335 Leo
800 1302 941 1337 tandem
956 1300 1064 1334 sonos

277 1351 401 1385 Minus
415 1351 598 1386 exaudiret
608 1377 618 1392 ,
631 1350 718 1385 sistit
732 1377 741 1392 ‚
758 1349 913 1384 obvertit
930 1358 1032 1392 caput
1047 1360 1056 1382 τ

280 1400 431 1434 Miratus
444 1400 593 1434 Asinum
607 1401 812 1433 venientem
822 1425 832 1440 ,
843 1399 913 1432 huc
929 1397 1034 1430 refert
1049 1396 1192 1442 gradum
1203 1419 1217 1439 ,

281 1450 502 1494 stultamque
519 1450 688 1493 pecudem
706 1448 950 1492 strangulatam
966 1446 1126 1481 devorat.

331 1497 487 1531 Stultitia
501 1497 670 1532 comitem
684 1497 713 1529 si
729 1497 800 1530 fors
817 1494 1055 1540 arrogantiam

282 1546 454 1580 Habuerit
465 1573 474 1587 ‚
488 1545 651 1580 homines
667 1557 800 1580 certum
815 1544 853 1578 in
870 1542 1020 1578 exitium
1037 1541 1154 1578 trahit.

615 1704 938 1780 aarum
