1225 2367
199 83 289 141 248
357 85 507 127 ΓΑΒ.
541 84 1025 130 AEsoPIARUM

194 165 249 197 Ad
263 165 328 197 hos
345 164 482 197 labores
499 163 640 208 impulit
655 164 833 208 persuasio
851 167 864 199 ?

194 212 292 254 Quid
308 223 414 256 opera
430 212 533 245 vobis
552 223 646 245 tanta
663 214 939 256 promerebitur,

195 261 379 304 Sudorque
397 269 511 294 tantus
527 262 540 295 ,³
561 262 744 294 Carcerem
759 262 942 295 videlicet.

194 309 287 342 Nam
305 309 341 341 in
356 310 440 342 urhe
456 309 566 342 vestra
578 335 586 348 ,
606 311 756 353 quodam
772 320 811 342 ut
825 310 860 342 in
876 309 1016 344 vivario
1031 335 1043 352 ‚

194 357 339 390 clausas
358 357 489 390 tenebit
506 357 613 390 hostis
625 383 634 397 ‚
651 358 684 390 ὅ(
700 369 767 391 vos
785 369 842 391 aut
858 358 962 391 simul

194 405 354 450 Abripiet
374 417 497 439 omnes
514 432 522 446 ‚
540 406 740 450 singulasve
758 418 841 451 quas
857 408 970 442 volet.

194 454 422 487 Denuntiatis
439 455 569 487 territae
587 455 751 498 periculis
766 481 775 495 ‚

194 501 344 545 Incepto
363 503 457 535 inani
476 502 633 536 destitere
650 503 780 538 Simiae.

243 551 421 584 Adversus
437 551 551 585 hostes
567 552 704 585 validos
722 551 951 586 imbecillium

193 598 279 641 Quo
296 599 407 639 major
424 600 613 633 multitudo
631 602 897 646 congregabitur
911 627 921 641 ‚

195 648 278 681 Hbc
295 650 393 682 turba
410 647 521 690 major
535 649 804 693 opprimendam
819 650 854 683 se
871 649 974 684 dabit.

660 742 675 749 .-

328 737 1054 785 e—-Affffi-ss--ff

403 826 434 869 F
468 826 507 869 A
544 825 577 869 B
613 825 657 870 U
693 825 728 870 L
762 828 801 871 A
876 827 898 872 I
922 826 985 873 V.

570 921 688 980 Equi
712 922 814 966 duo.

196 993 324 1070 Du
337 1043 362 1067 o
375 1044 391 1068 s
410 1033 532 1079 equiso
550 1034 735 1079 sonipedes
751 1034 927 1069 coemerat
937 1059 948 1076 ‚

196 1085 309 1117 Natos
326 1083 447 1116 eadem
465 1094 574 1117 matre
585 1109 594 1123 ,
611 1083 722 1117 firmis
738 1083 873 1116 viribus
884 1109 893 1124 ‚

196 1132 395 1177 formaque
412 1132 570 1175 corporis
587 1134 745 1177 elegante
762 1131 942 1176 praeditos.

166 1219 169 1221 ,
196 1181 277 1215 Hos
294 1183 439 1214 educare
457 1181 579 1224 coepit.
596 1181 694 1213 Alter
710 1181 744 1213 se
761 1180 900 1224 quidem

200 1229 332 1263 Cun&a
348 1228 422 1270 ejus
440 1230 481 1263 ad
497 1240 669 1272 praecepta
686 1229 837 1262 docilem
854 1227 1000 1272 praebuit
1014 1239 1024 1262 z

196 1280 244 1312 At
262 1278 450 1312 obstinatus
468 1279 552 1311 alter
568 1278 685 1310 indole
704 1276 822 1320 asperii

198 1327 398 1361 Dominum
414 1326 541 1362 refutat
557 1339 563 1359 :
580 1327 704 1360 durum
722 1337 762 1359 os
779 1351 790 1366 ‚
805 1325 973 1359 mobilius
990 1331 1092 1369 caput
1105 1347 1119 1368 ,

200 1376 334 1409 Cervix
352 1375 498 1420 rigidior
515 1401 524 1415 ,
542 1376 636 1408 nulla
653 1374 811 1408 celeritas
826 1375 952 1418 pedum
971 1398 979 1413 ‚

200 1424 357 1458 Mollitia
373 1435 511 1458 crurum
528 1425 622 1456 nulla
640 1436 648 1457 :
667 1421 847 1467 quomodo
866 1422 1009 1454 disceret

200 1473 347 1506 Variare
365 1483 472 1516 gyros
487 1498 495 1511 ,
514 1473 573 1504 vel
589 1472 731 1504 tolutim
749 1470 908 1502 incedere
924 1472 937 1504 ἒ

199 1522 291 1565 Ergo
307 1523 399 1554 hunc
416 1520 539 1564 equiso
557 1519 706 1552 mulioni
722 1517 892 1551 vendidit.

201 1569 281 1604 Post
297 1574 433 1612 ternpus
451 1569 553 1600 ambo
570 1567 660 1600 forte
676 1566 817 1600 fortuna
833 1565 939 1599 simul

203 1618 293 1651 cum
310 1616 514 1650 devenirent
530 1615 659 1659 publici
675 1614 825 1658 hospitis
842 1614 879 1647 in
895 1616 1037 1647 domum
1052 1625 1063 1653 ;

201 1666 271 1700 Hic
286 1665 446 1698 horridus
459 1690 468 1705 ‚
484 1675 676 1709 gerensque
693 1663 842 1696 sarcinas
859 1673 981 1707 graves
996 1687 1006 1703 ‚

201 1716 363 1748 Alacrem
376 1740 384 1754 ‚
398 1713 566 1748 nitentem
580 1738 588 1752 ‚
607 1713 640 1745 δε
652 1738 660 1752 ,
677 1711 833 1756 glorioso
849 1712 1003 1754 pondere
1018 1735 1028 1750 ‚

202 1763 330 1808 Equite
346 1761 529 1806 superbum
546 1760 676 1801 nobili,
692 1760 831 1793 fratrem
848 1758 991 1803 adspicit
1009 1770 1018 1792 :

206 1813 336 1844 Salutat
351 1824 360 1849 ·‚
379 1811 467 1843 unde
479 1836 487 1850 ‚
504 1809 612 1843 simili
627 1818 814 1853 prognatus
831 1809 912 1840 loco

206 1860 361 1905 Uterque
379 1859 457 1896 cum
473 1858 519 1894 sit
530 1883 539 1901 ,
556 1858 668 1893 vitam
682 1866 782 1904 agant
798 1866 869 1893 tam
886 1855 1080 1902 disparemg„
