1268 2361
233 122 812 170 PRAEFATIO.
919 140 1014 166 xxv

29 207 246 246 Colomhiere
273 206 307 244 δ’
331 205 468 257 maison
495 206 643 257 mistique
669 207 711 242 de
734 204 911 243 Philibere
936 204 1018 240 Heu

24 275 149 314 gernon
166 290 178 308 ,
209 262 251 297 de
281 258 673 310 Chcilons-sur-—Saone
701 273 710 296 .·
734 270 924 296 centenam
949 270 1017 294 une

25 315 242 366 description
267 315 328 352 des
355 315 466 364 (lauze
490 314 581 351 mois
608 314 643 350 6³
668 326 790 364 quatre
805 314 950 363 siziscas
974 313 1016 348 de

27 368 164 406 l’anne'e
187 397 199 414 ‚
222 381 311 405 avec
331 368 584 419 enseignemene
607 368 649 404 de
671 381 707 404 ce
734 381 798 417 que
821 368 852 403 le
874 365 1018 404 Labou-

26 435 107 460 reur
126 419 309 471 doitsaire
324 435 397 472 par
417 422 556 459 chacun
578 422 679 459 mois.
702 420 897 458 L'Ahei'lle
908 417 1017 470 flatz-

25 475 119 526 foise
143 477 192 512 du
218 476 324 512 me‘me
349 476 495 513 Autem·
518 475 605 526 :ses
619 475 744 525 jables
767 475 920 512 morales
938 502 951 519 ‚
981 474 1017 510 ᾧ

25 541 148 567 autres
169 529 312 581 poe'sies
335 542 345 566 .·
369 528 404 566 δ’
429 529 481 566 les
506 529 678 581 louanges
702 530 744 565 de
770 529 807 566 la
832 528 888 565 vie
914 527 1017 579 rusti-

26 597 92 635 que
107 612 120 630 ‚
142 584 314 621 exeruites
332 583 394 620 des
416 597 551 620 oeuvres
571 584 614 619 de
635 582 683 620 G.
702 584 744 619 de
763 582 902 633 Saluste
921 584 1019 619 sieut

25 638 75 674 du
101 639 253 675 Bartas.
281 645 319 675 A
343 637 458 674 Paris
474 665 486 683 ‚
513 637 597 688 che(
620 637 751 675 Robert
777 638 810 674 le
833 635 987 688 Fizelier
1005 664 1016 682 ‚

26 694 121 739 1583
136 719 148 739 ‚
175 692 295 730 iti-8⁰.
312 705 400 743 pag.
423 702 504 738 150.

78 796 211 836 XVII.
231 795 475 836 JACOBUS
496 795 597 836 ch-
614 808 806 836 Nemus
828 797 959 837 Bealni
978 799 1016 836 in

23 850 245 905 Burgundia
266 863 374 890 natus
396 850 473 898 est,
497 851 557 890 die
585 851 608 891 6
632 850 776 902 januar.
799 867 858 891 an.
882 851 981 905 1589
1002 881 1014 899 ‚

23 917 131 958 patre
154 904 383 956 Benjamino
404 905 600 959 Regnerio
622 905 813 945 causarum
835 918 1014 958 patrono.
1055 915 1058 917 '

23 959 161 999 Literis
196 960 366 999 excultus
389 988 400 1006 ‚
434 973 574 1012 pueros
611 960 761 999 nobiles
802 960 926 1000 custos
968 974 1012 999 ac

22 1025 242 1067 praeceptor
260 1042 274 1060 ,
304 1012 412 1066 paffli
438 1013 621 1053 mercede
639 1043 651 1062 ‚
677 1016 775 1053 rexit
794 1045 805 1062 ‚
833 1013 1014 1053 instituit-

24 1081 114 1121 que.
149 1067 306 1107 Deinde
331 1080 492 1120 operam
519 1068 754 1122 corrigendis
783 1069 883 1107 libris
909 1069 1013 1121 apud

22 1123 314 1175 typographum
340 1123 498 1163 locavit.
530 1122 723 1161 Medicam
752 1122 917 1174 denique
948 1137 1012 1161 ar-

22 1188 102 1216 tem
133 1178 325 1229 propriam
356 1176 425 1214 sibi
452 1175 672 1228 assumpsit:
696 1175 800 1228 cujus
827 1179 912 1215 artis
942 1177 1013 1215 do-

22 1229 105 1269 ἑὶοι·
125 1229 180 1268 est
202 1241 439 1281 nuncupatus
457 1228 645 1277 Cadurci,
671 1230 731 1269 die
759 1242 774 1281 3
804 1231 888 1270 dec.
924 1233 1012 1269 anni

28 1284 132 1331 1624
153 1298 164 1331 3
185 1296 347 1335 eamque
367 1283 523 1322 demum
549 1285 586 1321 in
609 1283 803 1322 fortunam
825 1285 981 1323 devenit
1000 1315 1011 1332 ‚

23 1350 65 1376 ut
91 1338 222 1389 inopi&
248 1337 420 1390 perditus
436 1367 446 1385 ‚
470 1337 656 1390 variisque
680 1337 824 1376 morbis
841 1369 852 1387 ‚
877 1340 917 1377 ὃ(
945 1351 1010 1376 ca·-

24 1392 254 1431 lamitatibus
275 1392 355 1430 aliis
372 1392 568 1444 permuitis
589 1391 1011 1445 conlhmptus‚periret

24 1446 88 1486 die
112 1446 158 1484 16
175 1443 255 1496 jun.
281 1447 368 1484 anni
403 1448 516 1496 1653.
544 1446 751 1500 Apologos
778 1446 842 1485 isse
864 1447 1010 1486 Divio-

23 1513 71 1540 ne
97 1513 197 1538 anno
224 1499 320 1551 1643
350 1512 503 1538 centum
529 1499 677 1547 edidit3
706 1515 803 1553 quos
827 1500 1010 1540 distribuit

22 1565 148 1607 partes
163 1554 200 1591 in
218 1553 310 1592 duas
325 1582 337 1600 ‚
356 1566 466 1605 atque
484 1554 672 1606 phaedrios
689 1555 886 1607 inscripsit.
904 1555 1009 1594 Lon-

23 1610 70 1661 ge
94 1607 251 1661 quidem
274 1607 487 1660 Regnerius
510 1606 635 1646 noster
656 1609 702 1646 ab
727 1609 880 1649 auetore
905 1613 1009 1663 opti-

23 1675 90 1700 mo
109 1691 124 1708 ‚
151 1675 265 1714 quem
287 1662 357 1699 sibi
382 1661 630 1714 proposuerat
654 1663 880 1701 imitandum
903 1694 914 1712 ‚
945 1677 1008 1703 re-

24 1717 136 1755 cessit
156 1730 164 1753 :
187 1715 283 1768 saepe
306 1718 410 1753 enim
438 1716 478 1754 ὅ(
501 1716 618 1755 verba
640 1717 681 1755 &
705 1730 764 1756 res
790 1717 884 1769 ipsas
908 1719 1007 1757 male

22 1779 214 1821 temperat
230 1799 241 1817 ‚
265 1768 464 1821 stilumque
485 1772 601 1808 etiam
623 1771 828 1823 aliquando
850 1786 929 1810 non
950 1772 1009 1811 sa·

23 1824 71 1862 tis
94 1824 253 1862 latinum
278 1823 434 1862 adhibet
455 1837 463 1862 :
484 1824 659 1863 narrandi
680 1837 809 1864 tamen
833 1824 1008 1876 jocandi·

24 1890 99 1931 que
130 1879 278 1918 ratione
305 1878 420 1916 utitur
452 1878 679 1932 plerumque
708 1893 790 1920 non
818 1878 968 1920 inficeta
994 1912 1006 1927 ‚

827 1952 845 1984 b
