1268 2361
0 0 70 86 ξ

265 162 492 208 LIBER
553 171 866 206 PRIMUS.

71 245 246 285 Cantabas
263 247 270 278 !
288 245 392 278 laudo
410 257 417 277 :
437 255 500 278 nec
517 244 639 277 saltare
657 253 748 276 nunc
763 252 864 276 veto.

118 294 224 328 Suam
241 294 373 327 dolebit
387 292 550 337 languida
568 290 724 325 senee‘ms
739 291 854 325 vicem
865 314 876 332 ,

69 341 261 377 Laboriosa
276 342 314 376 ui
326 341 493 387 juventus
508 350 696 386 praecavet.

66 436 157 463 ,ς-

305 507 337 553 F
356 509 397 553 A
424 507 455 551 B
482 507 527 552 U
547 506 583 550 L
604 506 640 550 A
701 507 721 551 I
742 506 761 550 I
783 506 815 550 Ι.

219 605 412 664 Aquila,
449 602 637 656 Corvm,
669 601 706 645 G·
739 600 903 665 Pastor.

72 673 194 753 Ov
206 728 228 751 r.
240 727 273 751 Μ
291 726 453 762 rapuerat
468 716 595 760 Aquila
613 715 731 748 curvis
749 714 922 759 unguibus
938 727 948 748 :

66 767 163 801 Idem
179 766 332 811 experiri
351 768 489 799 Corvus
509 766 542 797 ὅ(
560 765 631 808 ipse
649 765 729 797 dum
748 764 863 806 cupit,

68 814 190 849 Parem
207 827 224 848 e
243 825 345 860 grege
362 824 442 847 toto
459 814 609 857 praedam
622 839 631 853 ‚
647 813 836 845 observans
848 838 857 853 ‚
871 810 970 856 eligit
983 823 996 850 ·,

67 863 249 908 Simulque
265 874 395 907 magno
411 864 579 895 devolans
597 861 666 894 ruit
683 861 828 904 impetu.

67 912 114 945 At
130 923 193 945 nec
209 923 315 945 ovem
334 912 458 945 tollere
469 936 478 951 ,
492 911 605 954 impar
622 910 751 953 quippe
768 908 902 942 viribus
913 933 923 950 ,

66 961 190 1004 Neque
207 960 309 1002 hujus
327 960 433 993 etiam
450 958 620 1004 pertinaci
636 960 765 991 venere

66 1008 198 1043 Misere
214 1009 422 1053 impeditum
438 1008 471 1041 se
487 1008 652 1052 expedire
667 1006 736 1048 jam
753 1006 878 1050 potest.

67 1056 226 1090 Accurrit
241 1068 325 1102 ergo
343 1056 478 1097 Pastor,
493 1057 526 1089 δε
542 1059 633 1089 hunc
649 1057 790 1099 capiens
805 1070 812 1089 ι
829 1056 924 1088 Tuas

66 1105 165 1139 Prius
182 1107 324 1139 decebat
340 1104 433 1138 noffe
450 1115 484 1137 te
500 1105 594 1138 vires
606 1130 615 1146 ‚
629 1105 677 1137 ait
688 1129 697 1145 ,

68 1154 184 1196 Quam
199 1156 268 1188 tale
285 1154 417 1188 facinus
435 1154 594 1186 nitereris
613 1153 775 1196 exsequi:

67 1204 202 1246 Capere
218 1204 363 1236 volebas
376 1229 385 1243 ‚
399 1212 519 1245 captus
536 1202 608 1246 ipse
626 1212 716 1234 nunc
732 1200 837 1242 veni,

20 1276 21 1279 η
66 1251 154 1284 Meo
169 1252 305 1284 futurus
322 1250 437 1284 filiolo
454 1251 654 1283 ludibrium.

115 1300 254 1333 Tenues
270 1300 449 1332 homullos
466 1300 508 1331 ad
523 1299 620 1331 suam
637 1299 725 1342 saepe
743 1297 866 1331 accidit

66 1346 312 1384 Potentiorum
328 1344 500 1390 exemplis
516 1345 708 1390 perniciem
723 1346 826 1380 trani.

451 1424 662 1472 -ἑξζῖεε

269 1514 300 1558 F
332 1514 372 1558 A
409 1514 441 1558 B
478 1513 521 1558 U
556 1513 592 1557 L
625 1516 664 1558 A
740 1515 844 1559 IV.

334 1609 509 1654 Lacerta
535 1609 572 1652 6›
594 1608 780 1674 Testudo.

63 1681 170 1759 Tu
183 1734 198 1758 1
216 1735 271 1757 me
287 1722 426 1757 miseret
438 1750 446 1764 ‚
461 1723 574 1757 aiebat
591 1721 770 1756 Testudini

65 1774 209 1807 Lacerta
224 1785 233 1811 3
251 1784 347 1817 quae,
361 1771 582 1816 quocumque
599 1772 706 1805 libeat
724 1772 872 1812 vadere,

899 1436 921 1462 j.

186 1442 222 1471 2ss

0 1824 1 1864 ζ
66 1822 179 1855 Tuam
195 1821 267 1864 ipsa
282 1831 396 1854 tecum
412 1820 500 1853 ferre
517 1820 653 1865 cogaris
670 1821 826 1853 domum.

115 1871 223 1915 Quod
236 1869 343 1913 utile,
355 1869 470 1916 inquit
486 1869 565 1912 illa,
578 1880 651 1905 non
668 1880 774 1915 grave
790 1867 837 1901 est
853 1879 958 1906 onus.

777 1992 807 2025 A
821 1990 862 2034 iij

1032 171 1053 221 5

333 419 1049 466 dm&
