1268 2361
310 92 888 155 PRAEFATIO.
1003 84 1095 142 xiij

100 193 229 235 eissffm
250 222 261 239 ,
290 203 372 244 quae
398 185 470 228 esse
497 183 610 238 plane
635 180 914 233 supervacanea
939 167 1092 221 judica·

103 249 193 291 bam
209 278 221 296 ‚
245 246 386 286 sublata
410 241 505 281 sunt.

160 349 320 389 TAms
341 357 467 384 autem
487 339 627 379 laboris
649 330 861 374 molestiam
881 328 967 366 cum
987 322 1100 363 susc}-

106 417 201 459 pere
228 402 382 454 paulum
412 396 627 447 refugerem
648 419 660 437 ‚
690 388 761 426 viri
789 384 932 435 aliquot
958 376 1099 418 exculti

108 456 352 512 politioribus
385 449 562 490 doetrinis
592 444 682 482 mihi
712 439 880 478 stimulos
909 435 1101 473 admove-

108 522 198 553 runt
225 524 233 548 :
263 519 425 561 quorum
455 515 549 540 unus
577 499 601 538 6
622 527 633 546 ‚
666 494 880 534 eruditione
911 486 1067 539 insignis
1087 512 1101 531 ,

111 574 371 618 magnumque
402 554 620 597 Academi-az
650 547 866 602 parisiensis
894 551 1105 581 ornamen-

113 631 198 659 tum
219 647 232 665 ‚
264 630 312 655 eo
342 627 403 652 me
434 612 581 649 honore
611 603 786 656 dignatus
818 597 870 637 est
893 625 904 644 ‚
934 607 976 633 ut
999 604 1105 631 meas

74 672 76 675 ¹
114 672 272 713 fabellas
293 666 436 708 attente
459 662 698 716 perlegeret,
722 655 890 693 criticum
913 658 1044 702 ageret
1066 646 1107 682 in

118 740 161 767 re
188 738 267 765 tarn
297 723 406 768 levi,
434 718 546 756 utiles
572 713 728 751 demum
756 703 1110 745 animadversiones

118 793 271 822 mecum
294 770 528 829 perbenigne
551 763 868 806 communicaret.

175 886 292 926 EGO
313 882 408 923 verb
430 880 480 919 sic
502 876 667 927 undique
690 871 871 911 excitatus
889 895 902 912 ,
926 863 1028 903 libris
1048 860 1116 899 ha»-

122 954 253 983 rumce
275 937 498 977 fabellarum
521 933 688 984 quinque
714 922 903 978 prioribus
925 930 1004 956 non
1027 928 1116 953 mo·

118 997 179 1037 ,db
203 992 325 1045 adjeci
351 991 520 1044 quinque
545 984 685 1022 alteros
707 1009 718 1027 ‚
749 977 812 1017 sed
841 988 939 1026 opus
965 972 1015 1009 eb
1042 969 1117 1006 de-

126 1051 218 1090 duxi
238 1079 251 1096 ‚
276 1058 318 1086 ut
338 1046 455 1083 libros
478 1037 698 1094 quindecim
719 1062 730 1079 ‚
755 1029 898 1081 eosque
923 1026 1006 1064 satis
1029 1035 1117 1060 am-

128 1105 215 1158 plos
236 1133 247 1150 ‚
277 1099 487 1139 exhiberet.
515 1088 703 1131 Praeterea
729 1086 926 1136 scriptores
954 1075 1121 1116 indicavi

130 1155 433 1211 quamplurimos
454 1179 465 1196 ‚
490 1162 512 1185 a
533 1144 667 1198 quibus
688 1139 885 1180 materiam
910 1131 1090 1172 eamdem
1111 1158 1123 1176 ‚

131 1223 197 1252 aut
221 1221 343 1263 prope
367 1203 543 1245 eamdem
559 1229 570 1247 ‚
595 1209 709 1250 quarn
733 1192 824 1231 mihi
850 1187 1020 1239 sumpsi,
1042 1196 1124 1222 tra-

134 1265 273 1305 &atam
297 1258 403 1299 fuiffe
434 1254 609 1305 comperi
635 1264 643 1287 ε
672 1241 963 1293 notationesque
992 1250 1125 1292 gram-

136 1319 290 1360 maticas
310 1345 322 1360 ‚
353 1308 558 1362 aliquando
587 1305 700 1343 etiam
728 1297 920 1338 historicas
942 1323 952 1340 ‚
984 1306 1030 1331 ex
1058 1304 1128 1328 au-

132 1372 286 1415 &orum
302 1377 479 1407 veterum
497 1358 639 1400 seleffis
659 1353 881 1395 testimoniis
901 1348 1127 1401 plerumque

1013 1402 1038 1420 Ὀ

141 1425 325 1468 conflatas
347 1434 372 1472 7
387 1450 399 1468 ‚
422 1416 566 1468 adjeci..

194 1747 215 1780 6
238 1742 364 1780 J.13.L.
383 1715 534 1774 erenei,
554 1734 682 1768 Livianae
699 1727 848 1763 editionis
874 1723 979 1758 doetus
1004 1721 1035 1753 ὃ(
1052 1719 1140 1752 iucu-

152 1791 250 1825 lentus
274 1786 389 1821 auttor.

199 1843 218 1874 7
240 1831 348 1865 Earum
376 1825 507 1860 delefius
523 1846 531 1858 ‚
560 1820 663 1854 libeuo
689 1816 726 1850 ad
757 1813 873 1848 enicem
900 1807 1000 1853 operis
1026 1803 1152 1847 sejeste—

156 1872 388 1919 comprehensus
406 1896 416 1912 ,
441 1870 469 1901 in
490 1870 545 1901 hnc
566 1864 699 1899 editione
723 1858 903 1893 exh'.b‘,¹tc·r²⁴
