1225 2367
145 128 238 193 ”158
305 127 456 172 ΕΑΒ.
491 124 976 169 AESOPIARUM

147 228 182 254 ⁴¹ss

261 296 667 343 FABULA
752 293 1024 342 XXIV.
1208 284 1219 334 ⁵,

366 390 540 458 Testudo
562 387 604 436 δ’
623 391 792 435 Anates
808 390 916 437 duae.

146 466 592 542 PEREGRINANDI
608 503 727 539 varias
748 503 786 538 in
802 503 923 538 mundi
937 505 1060 551 plagas
1211 518 1219 539 ι,

144 556 368 591 Testudinem
386 555 474 589 olim
490 553 660 599 cupiditas
677 554 782 587 maris
797 554 954 588 incolam

144 605 306 640 Incessit.
322 603 421 639 Adeo
436 630 446 646 ‚
467 603 537 638 dici
553 604 649 648 quod
663 602 774 648 vulgo
790 603 900 645 solet,

144 654 283 688 Verum
300 654 348 687 est
365 666 373 687 t
391 652 586 697 tardipedes
603 652 687 685 stare
699 652 766 685 vix
782 651 879 697 poffe
896 652 935 686 in
948 651 1048 687 loco.

143 703 233 738 flaec
249 702 449 747 conspicata
464 701 557 736 forte
571 701 753 745 pascentes
769 703 854 735 duas
1222 702 1225 741 ἕ

144 752 189 786 In
202 752 309 786 litore
323 755 453 785 Anates
468 763 476 785 :
491 751 570 784 Vos
588 762 610 783 0
627 750 750 784 felices
761 776 770 790 ‚
785 750 854 791 ait,
1212 778 1216 790 ·,

145 801 289 843 Quibus
305 811 460 834 remotas
476 800 591 833 visere
607 799 691 833 licet
702 825 712 840 ,
726 799 805 832 cnm
823 799 913 833 libet
927 823 938 840 ‚
1207 783 1225 880 i!

145 849 326 896 Regiones
344 853 350 884 !
368 849 482 883 nostra
498 860 571 882 non
587 847 720 882 obeffet
736 848 878 882 tarditas
896 873 908 890 ‚

145 898 191 932 Et
207 899 267 933 illa
278 925 288 939 ,
305 910 411 944 quam
425 898 551 943 gestare
570 900 731 943 cogimur
746 924 755 939 ‚
770 898 897 931 domus
1205 869 1225 934 ἔξ

145 947 234 982 Non
250 948 437 993 impediret
452 960 462 986 ·,
477 949 547 982 hoc
562 946 651 980 mihi
669 958 763 980 mare
779 946 942 991 protinus

146 998 321 1032 Deserere
332 1023 342 1039 ‚
355 1008 485 1042 meque
500 1007 609 1030 terras
623 996 708 1029 hinc
721 997 761 1029 ad
774 996 919 1030 ultimas
1222 1020 1223 1023 η

147 1047 354 1081 Transferre
370 1046 489 1080 libeat.
506 1045 573 1079 Ista
590 1056 634 1078 ne
652 1055 687 1078 te
703 1054 857 1078 maceret
1208 1025 1225 1082 ᾗ

147 1094 278 1129 Libido
292 1121 303 1137 ‚
319 1095 441 1129 dicunt
455 1095 586 1128 Anates
601 1106 611 1131 ·‚
628 1093 739 1138 ipsam
754 1119 765 1134 ,
778 1093 808 1126 si
823 1092 915 1127 velis
932 1117 941 1133 ‚
1209 1086 1216 1094 ’

90 1143 94 1147 ’
149 1144 227 1178 Nos
245 1145 355 1178 ambae
371 1143 474 1178 facile
491 1144 634 1187 explere
645 1168 655 1183 ‚
670 1141 855 1186 statimque
867 1168 876 1183 ‚
895 1139 1096 1185 poss‘umus.
1201 1135 1225 1179 ἦ

150 1194 196 1227 Se
211 1194 359 1236 spondet
373 1202 491 1226 autem
505 1190 673 1225 beneficii
686 1202 882 1224 memorem
896 1190 972 1224 fore
1220 1223 1225 1232 ,

149 1241 317 1275 Testudo.
335 1242 380 1274 At
396 1241 465 1275 iuae
476 1266 487 1282 ,
500 1251 617 1274 ramus
634 1249 674 1273 ut
689 1238 782 1273 forte
799 1239 933 1274 arboris
1212 1259 1216 1268 ι

150 1290 297 1325 Excisus
314 1292 432 1324 aderat
444 1316 453 1332 ‚
465 1291 597 1323 tollunt
612 1302 621 1328 ς
639 1289 674 1322 &
688 1315 697 1330 ‚
713 1289 874 1323 Medium
886 1315 895 1331 ,
910 1287 1076 1334 inquiunt
1088 1313 1101 1330 ‚
1207 1282 1210 1287 ’

151 1339 315 1374 Premere
332 1349 512 1374 memento
527 1339 621 1372 hunc
634 1339 890 1382 apprehensum
905 1338 1087 1372 mordicus
1098 1349 1112 1376 ·,

152 1390 397 1433 Aptantesque
412 1399 473 1433 per
490 1399 531 1422 os
545 1387 756 1432 domiportae
773 1387 879 1422 simul
895 1386 1078 1425 inserunt3

151 1440 360 1483 Caveatque
374 1449 484 1482 porro
497 1449 542 1471 ne
557 1437 730 1478 dimittat,
747 1437 958 1476 admonent3
1201 1399 1225 1488 ἓ

153 1487 314 1531 lpsaeque
331 1497 419 1520 mox
429 1513 440 1528 ‚
455 1485 610 1528 ejusdem
625 1485 794 1519 extremis
809 1485 960 1530 virguiae
1201 1485 1225 1548 μ

152 1534 315 1569 Partibus
332 1535 496 1580 utrinque
513 1534 642 1579 pariter
658 1534 829 1568 admorsis
846 1559 854 1575 ‚
869 1535 994 1567 volant
1008 1558 1020 1575 ‚
1203 1551 1213 1596 ζ

153 1583 318 1619 Nostram
336 1585 370 1617 &
385 1595 448 1628 per
463 1595 562 1618 auras
579 1583 728 1617 efferunt
743 1583 979 1617 Testudinem.
1205 1620 1210 1639 1

205 1633 275 1666 Res
292 1632 354 1666 ubi
369 1632 548 1677 pei-specsta
560 1632 607 1666 est
623 1632 779 1677 proximi
794 1633 874 1677 pagi
890 1631 1019 1665 incolis
1034 1636 1056 1674 ,‘
1220 1614 1225 1640 ³

155 1683 375 1727 stupuerunt
392 1693 515 1715 omnes
531 1681 686 1715 insolens
703 1681 962 1726 spessaculum3

156 1731 201 1764 Et
219 1731 438 1765 clamitantes
455 1730 505 1764 ire
521 1742 583 1775 per
599 1732 744 1764 arduum
760 1731 889 1764 aethera
1199 1723 1224 1775 ⁴}

157 1779 382 1814 Testudinem
393 1806 402 1821 ,
418 1780 528 1814 immo
544 1780 699 1825 reginam
716 1779 927 1813 testudinum
940 1804 951 1821 ,
1202 1777 1225 1807 Ἃ

157 1828 245 1861 Eam
263 1829 423 1863 salutant.
442 1830 554 1863 Stulta
571 1829 689 1875 gestit,
708 1829 742 1862 ὅ(
758 1829 939 1873 impotens
1192 1840 1215 1870 ῃ

158 1875 308 1910 Laetitiae
325 1877 440 1911 inanis
455 1891 463 1911 t
479 1877 574 1911 Vere
586 1904 594 1920 ‚
612 1878 660 1911 ait
677 1903 686 1919 ‚
703 1878 822 1922 regina
838 1878 927 1913 sum.

160 1924 335 1972 Jacuiss‘et
348 1926 410 1961 illa
423 1952 434 1970 ,
449 1926 579 1963 feciss'et
595 1925 798 1973 prudentius
816 1939 828 1962 :
