1313 2367
238 112 292 160 18
393 111 1060 156 FAB.AEsoP1ARUM

237 189 1200 237 ‚ax———Qssffffl———ffl

411 278 813 323 FABULA
896 276 1039 323 XX.

463 373 668 434 Agricola
688 373 727 417 G·
744 373 988 418 Mercurius.

230 445 313 523 EN
331 486 407 532 ipsa
422 486 499 532 ripa
514 486 623 521 fontis
640 486 824 521 Mercurio
841 487 929 521 sacri

228 536 394 582 Agricola
411 538 589 581 quondam
606 538 688 570 dum
705 536 852 570 succidit
867 537 1007 570 arbores
1018 561 1032 578 ,

228 586 370 619 Securis
386 584 480 620 forte
498 586 612 630 elapsa
628 585 665 618 in
681 586 790 618 undas
806 584 935 618 decidit
949 598 957 618 :

227 635 347 677 Quam
363 645 568 679 recupera-re
585 636 683 668 nullo
702 634 780 668 ci'im
796 633 908 678 poffet
922 634 1030 668 modo
1041 659 1052 676 ,

226 683 439 728 Lacrymare
457 683 577 727 coepit.
596 684 719 716 Motus
736 682 977 715 misericordia

226 731 429 765 Mercurius
445 731 585 764 homini
601 730 781 776 apparuit,
795 731 830 764 ὅ(
845 730 1017 776 exquisiit

226 779 462 824 lacrymandi
480 779 617 813 causam
632 793 641 819 3
659 790 765 824 quam
782 779 888 813 simul
904 779 1046 821 didicit,
1060 779 1157 821 abit,

227 828 322 861 Mox
340 830 373 862 &
385 855 393 869 ‚
408 828 558 862 securim
573 829 730 862 deferens
748 828 866 862 secum
883 839 1044 869 auream,

226 877 332 911 Redit
346 889 355 915 ·,
375 878 408 910 ὅ(
425 888 468 910 an
483 878 560 910 haec
577 878 642 918 sit,
655 889 733 921 quae
751 876 864 911 modi)
876 877 1010 921 perdita
1026 876 1073 910 est
1084 903 1093 918 ‚
1106 885 1224 924 rogat.

226 926 274 959 At
289 937 365 959 eam
382 926 478 958 suam
495 924 561 958 effe
577 937 709 970 pauper
725 936 838 971 negat.
853 926 945 972 Ergo
961 928 1104 960 alteram

225 975 352 1008 Defert
367 973 520 1008 secundc')
538 974 739 1007 Mercurius
756 985 954 1020 argenteam
967 988 978 1014 ·‚

226 1023 345 1065 Quam
363 1023 441 1056 esim
458 1023 524 1055 effe
540 1035 673 1067 pauper
687 1033 773 1056 tunc
791 1035 936 1068 quoque
953 1033 1094 1071 negaret
1109 1022 1209 1058 suam.
1220 1032 1236 1062 ⁸,

224 1072 299 1115 Ipsi
315 1071 491 1116 postremi)
508 1072 655 1105 ferream
671 1072 770 1105 Deus
787 1072 939 1107 obtulit:

223 1121 327 1154 Iliam
344 1121 440 1153 suam
457 1119 522 1153 effe
539 1120 700 1153 Rusticus
719 1120 797 1153 c1'1m
815 1120 947 1154 diceret
959 1147 968 1162 ‚

224 1169 483 1214 Ingenuitatem
499 1168 701 1202 Mercurius
716 1168 874 1201 hominis
890 1169 995 1214 probi

223 1217 399 1252 Lau-iavit
412 1244 422 1259 ,
440 1228 635 1262 omnesque
651 1217 757 1250 simul
773 1216 843 1261 ipsi
858 1218 1012 1253 tradidit.

224 1267 322 1304 Hinc
338 1267 397 1301 isse
414 1266 531 1301 socios
549 1268 591 1299 ad
607 1266 688 1299 suos
705 1266 776 1299 sese
792 1266 915 1308 refert,

223 1319 414 1362 Litusque
431 1326 547 1349 narrat
562 1315 685 1349 ordine
696 1341 705 1356 ‚
720 1314 893 1360 quidquid
909 1315 1050 1350 accidit.

224 1368 346 1410 Quam
362 1377 436 1399 rem
453 1364 608 1410 experiri
623 1366 664 1398 de
682 1364 788 1398 sociis
805 1376 896 1398 unus
912 1366 1066 1407 volens,

225 1417 280 1451 Ad
295 1417 429 1450 fontem
448 1415 601 1455 accedit,
615 1424 721 1458 atque
737 1413 774 1446 in
790 1415 899 1447 undas
916 1413 1037 1455 dejicit

226 1465 387 1499 Securim
402 1476 411 1501 ·,
429 1464 552 1497 deinde
568 1463 656 1496 flens
672 1462 710 1495 in
726 1462 802 1506 ripa
818 1461 999 1496 considet:

226 1514 449 1557 Causamque
465 1511 572 1544 fiendi
587 1511 788 1544 Mercurius
804 1521 845 1544 ut
861 1510 990 1551 audiit,

227 1562 389 1596 securim
406 1561 514 1595 defert
531 1572 671 1594 auream
682 1586 692 1600 ‚
706 1571 747 1592 an
765 1559 811 1592 sit
826 1561 902 1592 haec
914 1586 923 1600 ‚
937 1570 1063 1604 rogans
1073 1585 1083 1600 ‚

228 1612 347 1654 Quam
363 1610 512 1655 perdidit
526 1623 534 1643 ι
549 1595 596 1642 ἷζε
612 1608 678 1649 est,
693 1610 840 1649 clamat,
854 1620 876 1641 0
894 1608 990 1641 certe
1008 1618 1084 1642 mea
1100 1606 1150 1642 est

229 1660 378 1704 Optima
395 1659 524 1693 securis
540 1658 614 1703 ipsa
631 1661 637 1691 !
653 1658 699 1690 At
715 1657 898 1702 indignans
915 1658 1014 1690 Deus

227 1709 261 1742 N
265 1720 304 1742 ec
321 1720 459 1742 auream
476 1707 672 1752 impudenti
683 1733 692 1747 ‚
705 1717 771 1739 nec
788 1707 883 1740 suam
900 1706 1004 1740 dedit.

278 1759 311 1791 Is
329 1756 456 1791 merit&
469 1784 477 1798 ‚
491 1756 614 1798 injusta
632 1755 693 1800 qui
709 1754 797 1800 petit
808 1782 818 1797 ‚
831 1755 919 1789 nihil
935 1755 1072 1788 obtinet
1082 1780 1099 1796 ,i

228 1807 271 1841 Et
287 1806 349 1852 qui
364 1806 449 1850 justa
463 1805 571 1853 petit,
584 1807 684 1851 plura
693 1831 704 1845 ‚
717 1815 823 1849 quam
837 1804 1096 1850 petiit,refert.

676 1900 776 1942 54³³·-
