1268 2361
19 263 25 319 ζ
64 261 205 299 indicet
226 285 238 303 ‚
259 252 458 304 hispanum
479 255 568 284 eum
590 236 693 278 fuisse
719 228 926 272 concludit.
959 225 1059 263 Prae-

15 326 19 330 '
64 312 169 353 tere&
196 303 422 359 Luitprandi
445 295 637 339 ticinensis
665 286 815 329 diaconi
840 282 960 322 verba
992 291 1060 316 re-

11 409 13 413 ,
66 366 170 414 fert,
197 358 444 402 memorantis
464 384 477 402 ‚
507 351 702 390 Avienurn
739 338 908 379 nostrum
942 335 1059 371 virum

6 470 14 475 ,y
67 420 309 462 catholicum,
334 414 368 453 δ’
387 409 577 461 hispanum
595 433 606 450 ‚
630 404 809 447 civemque
835 387 1028 438 eborensem
1048 415 1063 430 ,

69 476 108 514 in
129 471 322 524 Hispaniae
345 461 567 516 Carpetania
589 455 708 508 (quae
733 447 850 487 hodie
871 443 1064 483 Talavera

71 528 119 567 de
139 527 175 566 la
196 525 339 576 Reyna
362 510 584 563 vocitatur)
607 510 726 547 eodem
749 517 774 550 4
795 502 830 540 δ’
854 499 912 537 die
937 496 972 534 6·
994 509 1065 531 atz-

36 598 41 600 ’
72 597 118 621 no
133 611 146 629 ‚
170 594 237 631 quo
253 577 399 629 sanHus
423 574 535 620 Augu
564 566 645 602 inus
667 557 830 611 aſscendit
850 554 902 590 ad
925 548 1039 588 Caelos
1055 576 1070 592 ‚

73 633 210 685 obirfft.
232 631 280 670 Et
301 630 380 667 haec
399 622 554 678 quidem
576 629 663 655 cum
683 610 831 651 Aurelii
849 602 1071 644 Theodosii

74 687 269 728 Macrobii
293 692 402 722 aetate
432 671 625 729 aptissime
656 665 892 706 conveniunt
915 673 926 705 ·‚
954 667 1071 708 quem

77 741 151 782 esse
172 742 281 779 illum
299 735 420 788 ipsum
437 723 709 769 Theodosium
727 749 738 767 ‚
761 718 820 755 cui
843 714 924 753 suas
946 710 1071 748 Avie-

78 811 150 836 nus
179 792 336 833 fabellas
371 785 556 829 dedicat,
591 776 763 829 plerique
795 769 914 808 critici
943 761 1074 802 existi-

80 861 199 890 mant.
227 841 560 895 Disceptationem
586 825 781 881 suscepisse
812 824 859 862 de
886 819 951 858 tali
982 816 1075 855 scr}-

82 915 195 956 ptore
216 913 294 939 tam
314 893 514 935 molestam
531 899 624 938 ,me
646 893 768 936 prope
789 877 964 929 poenitet.
986 868 1076 917 Eius

83 959 186 997 enim
211 951 367 994 fabellas
393 949 475 1000 quis
504 943 648 996 petitus
676 937 716 975 ὅ(
745 936 986 980 incorruptus
1013 923 1077 974 ju-

85 1011 160 1050 dex
180 1039 192 1058 ,
225 1009 256 1047 si
287 1005 488 1057 diligenter
519 994 711 1035 examinet
733 1017 744 1034 ‚
776 998 856 1024 non
884 982 1045 1020 fateatur
1069 1005 1082 1023 ‚

85 1063 161 1104 effe
198 1062 425 1115 plerumque
464 1049 634 1091 inficetas
667 1058 676 1083 :
705 1038 895 1080 interdum
934 1030 1080 1085 legibus

89 1117 256 1158 metricis
273 1143 286 1162 ‚
311 1112 409 1163 saepe
436 1103 632 1158 elegantiae
653 1096 758 1137 latini
780 1089 962 1131 sermonis
978 1115 991 1133 ,
1018 1083 1084 1121 vel

90 1174 207 1212 etiarn
233 1163 456 1221 proprietati
479 1157 689 1199 verborum
714 1144 902 1187 adversari
927 1155 936 1178 ε
962 1138 1085 1177 multo

91 1226 224 1277 saepius
242 1218 403 1260 artificio
417 1246 429 1263 ‚
449 1215 528 1253 sive
551 1203 752 1249 ordinandi
773 1214 830 1239 res
852 1194 1057 1250 prudenter
1072 1219 1083 1236 ‚
1137 1213 1145 1217 -

93 1277 260 1330 apteque
286 1265 540 1311 conneSoendi
562 1263 708 1301 ratione
733 1254 902 1304 indigere
928 1262 936 1286 :
960 1257 1086 1296 neque

96 1333 230 1385 dignas
265 1325 341 1367 esse
369 1354 381 1369 ,
416 1333 508 1374 quas
534 1316 667 1355 Petrus
695 1308 863 1349 Crinitus
893 1332 905 1351 ‚
940 1297 1088 1349 Gaspar

97 1384 272 1425 Barthius
286 1411 298 1428 ‚
320 1377 517 1427 Philippus
539 1368 700 1410 Brietius
716 1393 729 1412 ,
752 1362 890 1413 aliique
914 1367 992 1395 tam
1012 1352 1088 1390 be-

99 1437 214 1493 nigne
236 1433 433 1475 laudarent
456 1428 468 1468 ἓ,
802 1441 807 1445 ·

154 1542 234 1596 V-I.
264 1540 513 1580 GABRIAS
533 1560 546 1579 ,
569 1528 632 1582 qui
661 1526 701 1564 δὲ
727 1519 881 1562 Babrias
906 1545 917 1563 ‚
943 1514 984 1553 δ(-
1010 1510 1091 1550 Ba-

102 1600 206 1638 brius
227 1596 274 1634 ab
297 1593 376 1631 aliis
398 1588 615 1628 nominatur
630 1610 642 1628 ,
667 1577 923 1631 apologorum
939 1597 951 1615 ‚
973 1566 1095 1604 versi-

105 1654 176 1693 bus
201 1649 330 1703 graecis
357 1639 594 1684 scazontibus
622 1631 881 1686 expolitorum
905 1654 915 1671 ,
946 1622 1062 1658 libros
1084 1647 1096 1662 ‚

108 1718 150 1745 ut
175 1703 290 1742 refert
315 1699 446 1739 Suidas
467 1725 478 1743 ‚
502 1693 640 1732 decem
666 1683 899 1725 confecerat.
928 1673 1005 1713 Sed
1031 1672 1098 1722 qui

109 1759 227 1801 hodie
252 1754 410 1809 apologi
437 1749 501 1789 sub
530 1745 613 1798 ejus
638 1740 795 1781 nomine
823 1726 1104 1773 circumferunv-

159 1885 181 1916 4
205 1873 295 1907 Auno
311 1879 396 1913 430,
419 1865 467 1901 die
485 1863 565 1908 Aug.
591 1860 643 1895 28.
