1268 2361
133 152 303 196 Lmen
333 159 598 194 DECIMUS
640 159 917 203 ρι’ῑΝῑῖς.
957 151 1040 210 363

64 245 92 272 ⁶8
327 228 778 275 -zaefiffeaez-
862 242 1044 264 ,-,,,-».

250 298 651 345 FABULA
744 298 854 345 IX.

326 380 470 438 Pyrus
498 376 539 422 δ’
569 380 785 425 Surculas.

64 433 114 510 S
127 485 141 508 1
154 484 174 508 c
193 476 346 509 allocuta
363 475 546 508 Surculum
562 474 671 508 fertur
684 473 796 518 Pyrus
812 486 819 506 :

59 525 152 557 Huic
169 535 204 558 te
220 536 304 557 mea:
317 550 325 564 ‚
343 535 388 557 ex
406 535 473 568 qua
487 523 629 556 eductus
647 533 682 556 es
697 550 703 562 ,
721 522 851 556 diutius

59 572 202 607 Haerere
218 573 313 616 stirpi
325 599 334 613 ‚
353 583 433 605 nate
444 599 452 612 ‚
468 573 559 605 ratio
574 583 647 604 non
660 572 762 611 sinit,

58 621 136 656 Jam
153 623 317 666 grandem
329 648 338 662 ,
352 621 491 654 emissis
505 620 572 661 jam
589 621 813 654 fruticantem
831 620 993 655 ramulis:

60 671 149 712 Quae
166 672 281 714 placet
299 670 422 710 inerti,
440 670 473 702 ὅ(
489 670 654 702 haetenus
671 669 738 702 tibi
753 670 888 713 profuit
900 697 907 710 ‚

60 719 223 752 Materna
236 720 388 762 denique
407 719 530 751 umbra
547 729 580 751 te
596 717 729 761 peffum
746 720 852 752 daret.

59 768 183 812 Neque
202 769 301 800 crede
312 793 320 807 ,
337 766 456 800 frustra
472 778 527 799 me
544 767 672 811 garrire
687 778 697 804 ·,
713 778 799 799 mox
815 767 911 800 enim

60 815 215 850 Prudens
232 817 381 849 colonus
395 816 477 848 hinc
490 815 562 849 alio
579 825 612 848 te
627 816 822 849 transferet.

60 865 181 906 Tunc,
198 874 278 898 nate
294 891 303 905 ‚
320 874 404 898 tunc
421 864 626 897 memineris
639 864 823 898 cultricem
839 876 981 899 manum

59 915 164 948 Ferre
180 923 354 958 patienter
368 926 376 946 :
395 912 503 957 finget
520 914 577 946 illa
593 925 602 951 ·‚
620 912 781 946 inutilem

60 963 161 996 Falce
178 962 374 1006 amputabit
390 963 604 994 ramulorum
622 962 762 1005 copiam
780 975 790 1000 3

61 1012 105 1045 Et
119 1011 253 1044 arboris
270 1010 358 1044 olim
373 1020 447 1043 non
463 1010 590 1054 inepta-²
607 1010 644 1043 si—
652 1010 762 1044 modo

38 1079 42 1083 «
63 1061 170 1104 Spem
186 1059 340 1100 dederis,
357 1059 512 1092 indolem
529 1059 697 1092 insitione
716 1059 869 1105 corriget

63 1109 197 1142 Malam
213 1108 278 1142 tibi
295 1120 305 1145 ·‚
322 1116 486 1141 truncum
503 1107 612 1141 findet
627 1134 635 1149 ‚
653 1108 807 1142 immisso
824 1109 919 1143 viam

64 1159 191 1191 Cuneo
207 1158 361 1190 recludet
372 1182 382 1197 ‚
395 1154 541 1201 ‘germen
555 1167 593 1190 ut
606 1157 743 1190 felicius

63 1207 197 1241 luserat
212 1218 219 1239 :
236 1205 318 1239 hinc
335 1206 452 1238 dulces
469 1205 601 1239 scilicet
614 1206 744 1239 fruetus
760 1206 863 1241 feres.

64 1254 228 1288 Monitus
244 1254 398 1298 parentis
415 1254 559 1297 optimae
573 1280 582 1294 ‚
599 1253 713 1298 specie
731 1255 872 1298 quidem

64 1303 251 1337 probantis
263 1328 271 1343 ,
286 1302 380 1335 audit
396 1304 562 1335 Surculus
580 1314 589 1339 ·‚
608 1303 729 1336 vertim
747 1303 783 1336 in
800 1304 881 1337 sinu

65 1351 206 1395 Spernit
222 1376 231 1391 ‚
247 1352 412 1395 maloque
428 1350 544 1383 statuit
559 1351 702 1396 ingenio
719 1351 863 1396 obsequi
882 1365 890 1386 :

65 1400 186 1433 Timet
201 1399 321 1432 coloni
337 1400 461 1432 falcem
479 1410 613 1432 acutam
629 1411 638 1437 ·,
656 1400 817 1433 territant

65 1447 214 1488 Fiffura,
230 1459 360 1480 cuneus
379 1460 386 1480 :
405 1448 479 1480 haec
494 1448 641 1487 vitabit,
658 1459 726 1492 qua
742 1449 839 1483 licet.

66 1497 179 1530 Venit
194 1497 362 1530 colonus:
381 1496 582 1540 improbum
598 1497 721 1529 evellit
736 1522 745 1537 ,
760 1497 837 1531 solo

67 1545 306 1586 Ponitseraci.
327 1544 460 1577 Crescit
477 1545 534 1578 ille
546 1570 554 1586 ‚
569 1546 626 1578 sed
641 1546 771 1588 duplex
788 1558 797 1583 3

70 1593 297 1637 Geminoque
314 1603 441 1626 trunco
455 1592 557 1637 stirpe
574 1595 614 1627 ab
632 1594 701 1627 ima
715 1594 848 1628 varicat
864 1606 875 1633 ·,

67 1643 110 1675 Et
126 1642 198 1685 ipsa
214 1641 315 1674 nodis
327 1667 336 1681 ‚
352 1641 598 1686 tuberibusque
613 1642 774 1687 plurimis

69 1686 245 1734 Utrinque
263 1700 399 1734 turpem
415 1690 527 1727 forma
545 1690 577 1724 se
595 1701 705 1724 totam
722 1692 874 1725 exhibet.

69 1739 185 1772 Herus
202 1738 420 1782 indignatur,
435 1748 506 1772 tam
521 1750 670 1783 pravum
686 1740 865 1785 ingenium
881 1740 1004 1775 videns
1022 1753 1033 1779 3

69 1787 387 1831 Arbusculamque‚
404 1787 566 1820 idoneam
583 1790 828 1822 tantummodo

70 1836 269 1869 Accendere
285 1835 402 1868 focum
413 1860 422 1875 ‚
438 1835 576 1878 penitus
593 1836 669 1869 erui
680 1835 789 1878 jubet.

120 1884 258 1916 Fabella
273 1883 390 1926 pueris
404 1883 531 1927 scripta
544 1883 592 1917 est
605 1885 867 1919 contumacibus
877 1912 888 1928 ,

72 1931 147 1975 Qui
162 1932 356 1977 disciplinis
373 1932 543 1968 inhabiles
558 1933 638 1968 dare
654 1933 688 1968 se
703 1933 850 1969 student.

788 1981 866 2026 Qij
