1313 2367
196 88 286 133 'xiv
413 83 1001 131 PRAEFATIO.

203 167 386 222 quasdam
406 179 558 207 veteres
577 166 755 219 aesopicas
771 196 782 214 ‚
807 166 938 218 AEsopi
957 164 1112 218 ingenio
1134 159 1194 202 ess-

204 236 323 275 gnas3
342 221 520 275 quasdam
541 220 733 260 Gabrielis
753 221 772 260 J
777 222 847 267 aii3
869 220 1069 259 nonnullas
1089 217 1198 257 Hen-

204 278 273 315 rici
294 276 485 322 Richerii3
507 275 591 314 satis
614 275 750 314 multas
768 274 924 313 Ioannis
942 273 1125 312 Fontanae
1140 302 1152 319 ,
1174 287 1197 310 a

204 330 342 381 quibus
360 360 371 377 ‚
394 329 509 382 quam
530 329 687 367 minime
710 327 856 380 possem
869 357 883 376 ‚
903 328 996 366 mihi
1016 326 1199 366 receden-
1220 328 1222 330 ’

205 384 299 422 dum
317 384 389 423 esse
406 383 670 435 intelligebam
684 411 696 430 ,
714 383 910 434 exceperis
928 396 936 419 ε
955 394 1099 420 ceteras
1117 379 1198 419 fere

205 451 343 476 omnes
366 437 440 491 (ut
467 437 580 475 latine
608 436 652 474 ὅ(
678 438 841 490 ingenue
867 436 1002 487 loquar
1027 435 1066 473 id
1090 433 1198 486 quod

204 490 361 544 sentio)
384 505 465 529 non
489 491 609 528 modo
633 489 795 543 figuravi
810 520 822 538 ,
848 489 889 527 &
912 490 1110 542 expolivi3
1134 487 1199 527 sed

204 545 347 583 adduxi
373 546 488 583 etiam
513 544 561 582 ad
588 542 736 582 rectum
761 544 938 583 ordinem
958 573 970 590 ,
997 555 1111 595 atque
1134 543 1200 580 in-

203 599 358 637 terdum
382 598 448 637 sub
471 597 700 650 potestatem
724 597 854 636 sensfis
876 598 994 649 ipsius
1015 626 1026 645 ‚
1052 597 1118 649 qui
1142 596 1201 634 di-

204 654 304 691 citur
327 653 542 691 communis
560 681 572 699 ,
595 651 740 704 redegi.
766 650 892 702 Quod
919 651 1036 704 porro
1059 650 1202 690 Fonta-

205 719 296 745 nam
323 721 403 745 non
428 706 570 758 ubique
594 704 759 758 vestigiis
785 707 901 757 ipsius
927 704 1101 757 persequi
1127 719 1203 743 co-

205 772 316 799 natus
340 762 412 798 sim
430 788 443 807 ,
468 760 509 797 &
533 759 638 811 quod
659 758 816 797 fabellas
841 757 922 809 ejus
946 771 1025 798 tam
1047 760 1131 796 raro
1152 757 1201 796 fi-

204 813 278 851 dus
306 815 494 866 interpres
527 812 759 851 reddiderim
788 841 800 858 ‚
828 825 946 851 nemo
977 812 1016 850 id
1051 825 1203 851 vertere

205 868 302 905 mihi
320 869 416 906 vitio
438 866 567 905 debet.
588 865 681 905 Non
702 868 752 904 ita
774 865 852 904 sum
874 865 1128 905 obdurescere
1148 865 1204 905 so-

206 920 296 960 litus
319 921 367 960 ad
390 923 596 974 ingenuam
618 918 839 959 Gratiarum
862 919 1106 959 festivitatem
1122 950 1134 968 ‚
1160 931 1204 960 ut

208 988 308 1027 opus
324 1004 335 1022 ,
361 976 466 1028 quod
488 974 577 1026 ipsae
601 976 917 1013 concinnaverint
938 1003 950 1022 ‚
977 989 1057 1013 non
1078 974 1204 1013 admi-

205 1041 281 1067 rer.
301 1028 329 1066 F
333 1040 515 1067 ontanam
529 1041 624 1081 ergo
645 1028 1005 1067 excellentissimum
1022 1027 1097 1068 esse
1114 1042 1206 1081 apo-

207 1081 388 1135 logorum
407 1082 654 1135 scriptorem,
675 1082 716 1120 &
734 1083 855 1133 probe
874 1082 1044 1134 intelligo
1057 1113 1068 1130 ‚
1090 1083 1129 1122 &
1149 1083 1207 1122 ul-

208 1147 271 1175 tro
293 1137 475 1188 praedico.
497 1135 553 1174 At
572 1136 901 1188 quemadmodum
923 1137 1103 1188 permulti
1122 1137 1206 1176 sunt

209 1190 433 1229 urbanitatis
454 1190 577 1228 latinae
598 1190 713 1228 flores
735 1220 747 1238 ,
772 1191 836 1242 qui
859 1190 969 1229 nullis
990 1189 1119 1244 effingi
1141 1206 1205 1230 ac-

210 1245 340 1283 curate
366 1243 517 1296 possunt
540 1244 732 1282 coloribus
758 1245 899 1297 gallicis
914 1273 926 1292 ‚
952 1246 1003 1282 ita
1026 1243 1124 1297 saepe
1146 1245 1206 1283 la-

210 1299 282 1336 tini
308 1299 459 1338 colores
488 1298 579 1336 nulli
606 1297 810 1350 suppetunt
836 1297 935 1337 adeo
965 1299 1101 1337 molles
1123 1329 1135 1346 ,
1164 1311 1206 1339 ut

211 1352 427 1391 venustates
448 1351 631 1390 Fontanae
660 1352 811 1405 gallicas
841 1351 1108 1404 repraesentare
1132 1367 1205 1392 va-

211 1397 330 1444 leanf.
360 1405 551 1444 Nimirum
575 1407 696 1444 varias
721 1406 866 1459 linguas
893 1405 1088 1454 ἀοξὶτὶηει,
1113 1421 1204 1458 pru-

212 1459 346 1498 dentia
362 1489 374 1507 ‚
400 1459 485 1498 usus
505 1488 518 1506 ‚
545 1461 767 1498 exercitatio
793 1461 904 1498 variis
931 1462 1068 1512 opibus
1094 1459 1204 1499 facile

213 1524 356 1565 augent
392 1527 435 1551 ac
471 1511 672 1566 perficiunt
704 1526 713 1550 ε
741 1513 806 1551 has
843 1524 972 1553 autem
1011 1514 1204 1556 universas

213 1580 311 1618 opes
328 1596 340 1614 ,
360 1567 398 1604 id
421 1565 498 1615 est,
519 1569 600 1605 vim
620 1578 731 1619 atque
756 1568 907 1619 copiam
933 1581 1055 1619 prope
1079 1566 1204 1606 infini-

211 1632 294 1658 tam
316 1620 482 1660 conferri
502 1621 611 1659 simul
630 1622 667 1659 in
687 1635 800 1659 unam
821 1622 986 1674 aliquam
1006 1623 1173 1674 linguam
1189 1652 1202 1669 ‚

214 1688 294 1712 non
320 1676 405 1714 sinit
429 1675 506 1727 ipsa
523 1705 534 1723 ‚
562 1677 642 1713 sive
674 1675 914 1727 providentia
939 1676 1092 1725 divina,
1119 1676 1200 1717 sive

213 1727 389 1768 humanae
413 1741 554 1769 naturae
577 1727 788 1770 infirmitas.
