1268 2361
147 134 317 179 LIBER
352 143 614 178 DECIMUS
651 142 942 186 QUARTUS.
981 144 1066 191 341

1037 221 1063 245 θ·

85 223 190 257 {ze-—

204 298 591 345 FABULA
663 296 950 342 XVIII.

341 394 520 436 Colubra
557 390 600 437 δ’
632 393 816 436 Ericius.

84 445 196 525 QL
209 500 223 523 1
235 499 269 522 M
291 489 347 522 vir
362 487 544 521 hominem
561 485 753 520 offenderat
767 496 910 520 tenuem
923 496 1071 532 potens:

80 540 196 581 Quam
212 538 291 572 cum
308 538 367 570 ille
383 546 525 580 cuperet
542 535 720 568 vindicare
734 534 896 576 injuriam
910 560 921 577 ,

79 588 229 631 AEsopus
244 586 307 619 tali
323 586 436 618 fabula
451 583 629 617 deterruit.

128 636 206 668 Suis
222 644 415 679 pupugerat
429 633 570 676 spiculis
587 632 721 665 Ericius
738 658 748 672 ,

78 684 321 727 Teneramque
341 682 502 715 Colubrae
520 681 734 713 sauciaverat
751 688 866 714 cutem
880 692 891 714 t

79 733 179 766 Hanc
196 732 254 765 illa
269 731 448 764 vindicare
466 727 638 762 continuo
654 740 750 772 parat
765 755 774 769 ‚

79 782 213 814 Ardens
229 780 347 813 furore
362 789 489 822 magno
502 804 510 818 ‚
525 777 816 810 offensiunculam
834 789 843 810 :

26 850 27 854 =
78 829 210 862 Animo
228 838 383 860 tumente
397 826 496 860 saevit
513 827 546 858 ὃῑ
563 826 599 857 in
612 825 747 858 hostem
762 826 830 858 ruit
848 850 856 864 ‚

79 877 282 921 Totumque
299 874 550 909 circumvolvit
566 887 573 907 :
592 883 624 906 at
643 873 774 907 circum
790 872 946 918 undique

81 925 309 959 Obstantibus
326 924 398 968 ipsa
415 924 484 956 sese
501 923 578 956 telis
596 922 721 957 induit.

128 973 185 1007 Sic
199 985 283 1018 ergo
297 974 460 1006 damnum
476 982 586 1004 tentat
602 971 723 1004 ulcisci
743 972 822 1005 leve

79 1021 232 1063 Frustra,
246 1022 420 1064 simulque
437 1031 602 1064 magnum
618 1019 763 1052 incurrit
779 1020 816 1052 in
831 1019 975 1054 malum.

480 1097 948 1146 ἓᾶῖἴιὲὲεὲ-ιεεῡε

237 1187 268 1229 F
302 1185 341 1229 A
376 1186 408 1229 B
446 1185 489 1230 U
524 1185 560 1228 L
594 1184 632 1227 A
722 1185 770 1230 X
804 1187 822 1229 I
856 1183 918 1230 Χ.

327 1282 484 1325 Vinum
515 1277 558 1323 G·
584 1264 826 1337 Ampliorae.

215 1116 237 1140 Ἐ

82 1333 177 1408 BE
190 1381 209 1404 L
221 1381 240 1404 1.
253 1380 268 1404 1
279 1380 295 1404 s
306 1380 323 1404 s
335 1381 350 1404 1
362 1380 396 1403 M
408 1380 433 1403 Α
447 1381 482 1404 Μ
499 1372 626 1417 aliquis
642 1371 730 1405 Vini
742 1373 888 1406 habebat
906 1371 1044 1417 copiam
1059 1385 1068 1407 ε

78 1421 264 1456 Infundere
281 1420 391 1462 coepit
404 1420 440 1452 in
452 1431 609 1454 recentes
623 1422 833 1465 Amphoras.

81 1471 259 1512 Pleraeque
275 1468 416 1500 laticem
433 1469 630 1502 concoxere
644 1469 771 1502 leniter
781 1495 790 1510 ,

79 1519 123 1551 Et
136 1516 310 1562 perfecere
321 1542 330 1556 ‚
344 1517 524 1550 conditum
539 1517 676 1562 integro
694 1517 794 1554 sinu3

81 1564 268 1608 Multoque
285 1564 482 1597 suaviorem
493 1591 502 1605 ‚
521 1565 624 1609 quam
642 1575 846 1609 receperant
857 1592 867 1607 ,

81 1614 160 1647 Post
176 1612 370 1646 reddidere:
386 1613 443 1646 sed
458 1614 542 1646 hero
560 1616 738 1647 nonnullae
752 1614 863 1647 inscio

82 1662 241 1695 Odorem
257 1672 295 1694 ut
311 1661 448 1704 penitus
464 1662 676 1695 insincerum
693 1671 869 1695 traxerant
883 1687 893 1703 ,

81 1710 222 1743 Vitium
235 1720 429 1752 propagant
444 1722 453 1748 ·,
471 1721 647 1754 moxque,
665 1722 738 1743 non
753 1711 801 1743 ita
819 1709 991 1750 creditus,

83 1757 331 1799 Corrumpitur
348 1758 381 1790 ὃ(
395 1758 518 1791 acescit
535 1759 704 1803 ingenuus
721 1759 850 1803 liquor.

132 1806 264 1838 Bonam
280 1806 314 1837 δε
326 1805 493 1839 salubrem
509 1806 725 1849 disciplinam
740 1806 877 1850 perficit

82 1854 175 1893 Bene
191 1863 419 1897 praeparatum
437 1853 555 1897 pestus
569 1867 576 1887 :
595 1854 795 1887 instructum
811 1854 912 1888 malis

83 1900 224 1937 Artibus
239 1902 393 1937 eamdem
409 1912 545 1937 vertere
562 1902 598 1937 in
612 1901 742 1948 pestem
757 1903 861 1936 solet.

786 1950 812 1984 P
837 1949 875 1992 iij
