1225 2367
182 97 269 148 152
338 86 492 129 ΓΑΒ.
528 84 1024 132 AESOPIARUM

174 167 228 200 Ab
245 164 464 199 offendiculis
481 164 627 198 liberam
643 165 710 199 tihi
725 166 823 200 viam

175 214 347 247 Praestabo
363 240 371 255 ,
392 225 494 259 teque
511 216 593 247 dura
609 214 766 259 fragilem
781 225 977 261 protegam.

174 262 380 307 Imprudens
399 263 459 296 issa
473 263 587 307 paruit
606 276 614 301 3
630 264 686 296 sed
703 264 859 298 invicem

173 312 271 343 Dum
290 312 451 356 gradibus
469 313 597 352 ambae,
613 313 743 357 quippe
760 312 913 356 tripedes
925 339 934 354 ,
952 311 1133 347 ambulant

174 359 270 392 Male
288 361 489 404 temperatis
501 386 509 401 ,
525 362 607 394 dura
623 361 782 406 fragilem
799 362 964 398 conterit.

224 409 277 441 Ne
295 408 498 442 societatem
515 409 604 443 inire
622 421 702 443 cum
719 410 925 454 potentibus

175 457 351 491 Collibeat
363 484 371 498 ,
388 457 552 492 homines
568 458 684 493 fabula
700 469 822 493 tenues
838 469 976 496 monet.

307 554 331 577 ,ς
568 539 1033 587 -ssssffi———ssn-

321 625 706 670 FABULA
791 625 1023 673 XVII.

449 711 585 757 Milui
608 708 649 755 δ’
671 711 894 759 Columbae.

178 761 265 843 O
276 816 294 838 L
307 813 322 838 1
334 814 366 838 M
386 804 539 839 efferatis
555 804 636 838 hinc
655 806 688 838 &
704 804 785 839 inde
802 804 962 849 partibus

170 856 267 890 Inter
284 856 437 887 latrones
453 855 587 887 Miluos
606 855 780 888 exarserat

171 905 293 938 Civile
307 904 451 937 bellum.
467 904 543 937 Jam
556 930 565 944 ,
582 904 760 947 protervis
778 901 920 937 traditas

172 952 342 987 Ludibria
359 952 476 985 ventis
488 978 496 992 ‚
515 962 656 985 mutuus
674 953 809 985 crebras
826 952 926 985 furor

173 1002 360 1035 Avulserat
377 1003 445 1034 alas
461 1013 471 1039 ·,
486 1003 596 1034 multa
609 999 679 1041 jam
693 1000 883 1034 teterrimis

174 1051 468 1084 Transverberata
486 1049 602 1082 rostris
615 1075 625 1090 ,
640 1050 788 1082 lacerata
806 1049 1003 1094 unguibus,

172 1100 267 1133 Data
284 1101 358 1132 leto
375 1099 509 1131 fuerant
528 1109 675 1142 corpora
692 1111 702 1136 ·,
718 1097 858 1142 jamque
875 1099 1048 1142 plurimus

173 1149 259 1181 Alto
276 1150 422 1181 caducus
440 1148 480 1180 ab
499 1148 626 1180 aethere
642 1148 778 1190 pluerat
796 1158 911 1181 cruor.

173 1198 316 1231 Tenero
336 1197 524 1229 columbas
543 1197 646 1229 corde
664 1196 849 1239 praeditum
865 1207 975 1241 genus

173 1245 344 1280 Luaftifica
359 1246 490 1289 species
510 1255 583 1278 tam
599 1245 750 1279 horridae
767 1245 872 1280 cladis
889 1255 1012 1278 movet
1026 1257 1036 1280 :

174 1295 254 1328 Hos
273 1295 364 1328 inter
379 1321 388 1335 ‚
405 1295 501 1327 aiunt
513 1320 521 1334 ‚
541 1293 654 1327 media
670 1305 741 1337 pax
757 1293 827 1326 nisi
841 1294 980 1327 venerit
997 1319 1006 1335 ,

174 1344 282 1377 Brevi
298 1343 344 1376 est
361 1344 515 1376 futurum
531 1369 540 1384 ,
557 1352 596 1375 ut
613 1344 767 1376 deleatur
782 1342 940 1376 funditus

176 1392 275 1426 Gens
291 1392 449 1426 miluina.
470 1393 550 1425 Hoc
563 1391 697 1424 sciIicet
714 1401 877 1434 reputant
893 1391 1024 1424 malum

174 1441 341 1485 Benignae
353 1467 361 1481 ‚
381 1441 415 1474 &
429 1440 494 1474 effe
511 1441 780 1484 praecavendum
794 1438 966 1481 judicant:

173 1490 288 1534 Igitur
301 1491 477 1533 precando
488 1515 496 1529 ,
514 1489 774 1522 commonendo
789 1513 798 1528 ‚
816 1488 886 1520 hoc
900 1487 1053 1534 denique

177 1538 373 1573 Proficiunt
384 1564 393 1578 ‚
411 1539 548 1572 animos
564 1547 603 1570 ut
619 1536 754 1570 feroces
771 1536 935 1572 molliant
950 1562 959 1579 ‚

176 1587 408 1631 Induciasque
425 1587 588 1619 suadeant
600 1611 609 1626 ‚
628 1597 716 1618 mox
733 1586 766 1618 ὅ(
782 1595 860 1618 rato

176 1636 352 1680 Utrinque
369 1635 500 1668 foedere
517 1634 671 1668 sanciant
684 1633 779 1677 pacis
794 1633 914 1669 fidem.

176 1684 236 1717 Ast
252 1685 313 1718 ubi
327 1683 469 1728 reliquit
485 1683 621 1716 Miluos
638 1682 809 1716 discordia
821 1709 830 1723 ,

175 1734 218 1766 In
234 1732 308 1774 eius
324 1732 537 1776 expultrices
554 1731 671 1764 omnis
689 1731 843 1776 impetus

178 1783 360 1815 Sceleratae
378 1782 490 1826 gentis
506 1781 626 1814 versus
643 1779 701 1815 est.
717 1781 816 1813 Tunc
830 1778 985 1813 sentiunt

179 1831 318 1864 Miserae
335 1831 516 1864 Columbae
528 1856 536 1870 ‚
554 1829 662 1863 tutius
679 1840 871 1873 numquam
883 1829 987 1862 bonis

180 1879 310 1919 AEvum
323 1879 410 1924 effe,
427 1878 532 1928 quam
548 1878 627 1916 cum
641 1878 825 1916 dissidium
839 1877 885 1914 est
900 1877 992 1913 inter
1007 1875 1139 1914 malos.

789 2252 1225 2367 Ἑνὶ
1215 2198 1225 2231 ,ς
1214 2080 1225 2191 ανῆ-κιαι·
1219 2047 1222 2059 -
