1313 2367
259 130 291 175 4
421 117 1088 167 FAB.AEsoPIARUM

255 196 562 243 Pauxillulumque
577 199 698 243 pabuli
713 201 945 246 decerperem.

301 247 378 280 Vix
393 259 433 280 ea
447 260 457 286 3
474 247 618 291 repente
634 248 671 281 in
687 248 866 284 infelicem
880 251 1026 286 bestiam

254 296 308 329 Ab
324 296 491 330 universo
509 306 605 330 coetu
622 298 755 331 clamor
771 300 908 333 tollitur
923 313 932 334 ε

250 344 373 379 Pereat
389 345 546 379 scelestus
557 371 566 386 ,
581 346 681 378 causa
697 348 896 382 communis
913 348 1019 391 mali,

248 394 379 427 Asinus
394 405 403 431 ·‚
419 394 557 427 nefandi
573 404 692 438 pereat
709 396 829 429 auCior
845 397 1016 431 criminis.

246 441 442 476 Sacrificuli
458 443 600 476 herbam
617 445 799 477 comedere
816 448 822 478 !
840 445 923 489 quid
938 446 1006 479 hoc
1023 444 1070 479 est
1081 472 1091 487 ‚
1104 444 1174 481 nisi

247 491 447 532 Horribile‚
461 491 618 532 junctum
635 502 713 525 cum
731 493 913 538 sacrilegio
925 520 934 535 ,
949 495 1058 528 scelus
1074 496 1087 529 ξ

244 539 336 573 Hinc
353 551 419 573 nos
434 540 600 574 videlicet
615 540 707 574 hisce
724 542 878 576 cladibus
895 543 1024 586 premit

245 588 399 622 Caelestis
418 589 468 622 ira
484 603 491 623 :
508 590 647 623 Numen
665 600 749 634 ergo
767 591 882 624 debita

241 637 371 670 Statim
388 638 550 682 expietur
565 638 683 682 impiae
701 639 842 681 pecudis
861 651 958 673 nece.

217 708 222 711 -
241 685 368 719 Diram
383 688 473 720 hanc
494 687 635 732 iniquus
652 687 725 730 ipse
739 688 816 720 Rex
839 687 1050 724 sententiam

240 735 324 767 Non
340 736 510 769 erubescit
526 736 757 779 comprobare
772 748 781 773 3
799 747 862 770 nec
878 748 978 770 mora
990 763 1002 778 ‚

239 783 346 818 Foede
363 783 615 818 immolandam
631 784 736 816 tradit
752 784 899 818 hostiam
915 787 1015 829 lupo.

288 831 500 866 Peffumdari
515 833 640 876 inopes
653 858 662 873 ‚
676 833 736 865 ubi
752 831 954 876 potentium
970 833 1111 868 interest
1124 846 1138 873 ·,

238 880 353 917 Facile
369 882 407 915 in
423 894 531 928 grave
547 882 657 916 scelus
674 883 775 927 culpa
792 892 947 915 mutatur
963 883 1067 917 levis.

687 975 844 1024 εὶῗῖεε

438 1065 470 1111 F
504 1063 545 1107 A
581 1064 614 1108 B
658 1064 704 1109 U
744 1063 780 1108 L
815 1065 856 1108 A
940 1066 961 1110 I
994 1065 1028 1111 I.

507 1159 699 1204 Formica
725 1159 763 1202 6³
787 1159 959 1204 Cicada.

373 991 398 1017 Ἐ
1078 991 1100 1017 )·

236 1233 335 1309 Pia
348 1284 372 1309 τ
383 1284 397 1308 1
410 1283 432 1308 Ε
444 1283 469 1307 Ν
482 1283 499 1308 s
516 1273 649 1308 laboris
659 1300 670 1316 ,
687 1285 793 1319 grana
810 1274 891 1307 dum
908 1273 1033 1307 messis
1050 1273 1168 1318 daretj

234 1324 338 1368 Opus
355 1324 515 1357 Formica
531 1324 679 1364 fecerat,
692 1322 819 1356 hiemis
837 1333 974 1356 memor
990 1335 1000 1361 ·‚

234 1374 452 1418 frugemque
469 1374 617 1408 multam
634 1372 670 1405 in
686 1373 852 1405 horreum
869 1369 1107 1416 congefferat:

237 1422 363 1456 Cicada
381 1432 478 1455 totos
495 1421 637 1454 interim
655 1421 727 1454 dies
744 1420 838 1453 sonis
850 1445 861 1461 ,

234 1470 332 1504 Male
350 1470 464 1504 otiosa
475 1496 485 1512 ‚
498 1469 647 1502 stridulis
664 1469 852 1502 indulserat
862 1493 872 1509 ‚

234 1519 294 1552 Nil
312 1519 502 1562 providens
520 1517 604 1561 quid
619 1518 742 1550 deinde
757 1526 949 1549 venturum
964 1516 1069 1551 foret.

235 1568 347 1601 Venit
362 1568 487 1600 hiems.
502 1567 595 1599 Mox
610 1566 744 1598 misella
760 1564 979 1598 contrahitur
995 1567 1074 1610 gelu
1087 1577 1100 1605 ⁵,

235 1616 475 1660 Intelligitque
492 1615 526 1648 se
545 1613 610 1647 ess‘e
629 1614 820 1659 perituram
837 1613 948 1653 fame,

236 1665 274 1698 Si
290 1676 363 1698 non
379 1664 447 1697 cibi
464 1663 597 1708 aliquid
612 1663 702 1695 unde
720 1664 808 1695 unde
827 1661 1072 1698 extricaverit.

236 1713 396 1747 Formica
413 1720 529 1746 tutum
546 1712 579 1745 se
596 1721 773 1755 receperat
789 1711 826 1743 in
841 1721 968 1743 cavum
979 1736 988 1751 ‚

238 1762 377 1806 Opibus
394 1761 524 1805 paratis
539 1760 611 1803 jam
625 1760 754 1793 fruens.
774 1760 872 1791 Hanc
888 1758 1059 1792 convenit

238 1811 365 1844 Cicada
382 1811 529 1854 supplex
543 1822 551 1843 ε
567 1809 630 1841 Fer
640 1834 649 1850 ,
664 1808 713 1841 ait
724 1834 733 1849 ,
747 1806 918 1841 auxilium
929 1832 938 1848 ,
953 1818 975 1839 o
990 1808 1107 1849 bona,⁴

237 1858 373 1904 Egenti.
390 1860 436 1892 At
451 1859 511 1892 illa
527 1871 534 1892 :
550 1856 646 1901 Quid
661 1858 786 1901 agebas
801 1865 918 1889 autern
929 1882 937 1896 ,
951 1856 1012 1890 has
1030 1866 1117 1901 opes

235 1909 333 1944 Dum
349 1908 585 1956 colligebam?
601 1906 794 1943 Cantabam
808 1903 988 1942 videlicet.
