1225 2367
135 122 230 173 350
296 109 449 153 ΓΑΒ.
482 106 959 152 AEsoPIAazsM

130 193 216 227 Non
228 192 339 225 bellus
351 216 360 232 ,
375 191 409 224 δε
421 200 475 223 res
490 190 531 222 ad
545 188 728 232 supremos
741 186 872 230 judices

129 241 299 274 Defertur
317 250 444 284 3atque
458 238 495 271 hi
512 249 567 271 me
581 248 721 282 magum
735 236 988 281 pronuntiant,

130 289 380 333 Damnantque
394 285 531 321 sceleris
547 286 694 331 proinde
708 284 869 328 capitalis
882 294 984 318 reum

129 337 210 375 Vix
226 339 259 370 δε
275 336 447 381 praecipiti
464 335 673 378 supplicium
690 336 788 367 evasi
801 333 896 378 fuga.

181 387 317 419 Fabella
330 384 461 428 speRat
477 385 520 417 ad
533 382 696 416 homines
710 382 908 415 incredulos
923 406 933 423 ‚

131 433 379 479 Hominesque
394 431 494 466 stult'e
510 432 670 465 credulos
684 431 813 475 pariter
826 439 939 464 notat.

270 498 999 569 ‚5ssh5ffcffiessm

283 611 316 655 F
343 609 384 654 A
413 610 445 654 B
478 610 523 654 U
553 610 589 653 L
617 609 658 654 A
723 606 771 653 X
797 605 844 652 X
872 609 891 653 I
915 605 979 653 X.

335 694 510 760 Cimex,
528 697 697 758 Pzilex,
722 702 764 748 δ’
785 705 939 750 Culex.

142 777 196 855 S
207 829 230 852 E
241 827 262 852 c
275 827 300 852 R
311 827 333 851 E
345 828 368 852 τ
382 828 397 851 1
409 827 434 850 0
449 827 474 851 R
484 827 507 851 E
518 827 552 850 Μ
571 818 756 862 quemdam
772 818 810 851 in
826 820 992 863 angulum
1007 817 1137 854 domus

136 868 339 912 Cimexque
351 892 359 907 ‚
375 867 555 911 Pulexque
568 893 577 907 ,
593 867 627 899 δε
642 868 755 899 Culex
771 871 1011 902 convenerant
1025 880 1036 903 ε

137 916 193 950 Ibi
207 917 266 950 sua
284 915 434 960 quisque
447 916 630 948 venditare
642 915 797 948 facinora

137 965 294 1009 coepere
309 977 317 997 z
332 964 451 997 Palma
464 965 521 998 sed
537 963 624 997 mihi
636 990 645 1004 ,
665 964 793 997 Cimex
809 963 858 997 ait
869 990 879 1005 ‚

137 1013 301 1048 Debetur
317 1025 327 1051 ·‚
342 1013 473 1046 etenim
486 1023 525 1046 tu
536 1039 545 1053 ‚
562 1013 673 1045 Pulex
683 1038 692 1052 ‚
707 1012 790 1045 lic'et
805 1012 918 1046 acrius

137 1062 308 1096 :Mordere
325 1061 422 1095 noris
438 1074 447 1100 3
464 1072 572 1105 tuque
584 1086 592 1102 ‚
608 1072 710 1104 quam
725 1061 852 1105 pungis
864 1087 873 1102 ‚
891 1062 1033 1103 Culex,'

139 1111 325 1144 Summam
344 1120 461 1144 cutem
475 1110 691 1143 inflammare
708 1109 871 1143 didiceris
886 1109 972 1144 licet
984 1122 997 1149 ·,

139 1159 218 1204 Ego
235 1170 353 1193 tamen
367 1160 487 1192 odium
504 1158 610 1203 longe
624 1158 735 1198 majus
747 1158 867 1192 excito
882 1171 892 1193 ι

139 1208 207 1241 ‘Me
225 1209 353 1252 quippe
370 1208 503 1240 vindex
517 1208 546 1240 si
564 1218 687 1241 manus
701 1206 961 1251 comprefl‘erit‚

142 1256 305 1301 Repente
319 1255 437 1290 miffus
452 1266 539 1289 teter
556 1258 645 1289 odor
660 1256 842 1290 ulciscitur

140 1304 315 1346 Iniuriam
330 1318 338 1338 :
356 1304 436 1338 ideo
451 1317 506 1338 me
520 1305 717 1338 exsecratur
733 1305 831 1338 natio

142 1353 436 1388 Muliercularum
449 1353 591 1387 delicata
604 1380 613 1395 ‚
629 1354 663 1387 ὅ(
679 1365 735 1387 me
750 1353 836 1387 sinit

142 1403 296 1437 Illaesum
313 1402 404 1436 abire
419 1415 429 1441 3
445 1414 507 1436 nec
523 1403 710 1436 hominum
724 1403 911 1448 quisquam
923 1401 1025 1446 fereg

143 1452 322 1494 Quamvis
337 1463 460 1485 necare
475 1452 613 1496 cupiat,
627 1462 768 1497 tangere
781 1451 934 1486 sustinet.

144 1500 232 1535 Haec
247 1512 323 1534 mea
337 1502 411 1534 laus
422 1526 432 1542 ‚
449 1512 552 1545 quam
567 1512 640 1533 non
653 1500 866 1546 denegabitis
882 1500 993 1542 mihi,

145 1550 259 1592 Spero
274 1550 449 1592 equidem.
464 1550 568 1583 Nunc
584 1547 689 1590 vero,
708 1549 802 1594 agite
813 1575 821 1590 ‚
836 1561 892 1583 me
907 1547 1125 1596 sequaminig

146 1598 205 1631 Tu
221 1598 435 1631 subsiliendo
448 1624 455 1638 ,
471 1608 508 1631 tu
523 1600 680 1632 volando
696 1624 705 1640 ,
721 1598 926 1641 proximum

147 1646 243 1681 Hinc
260 1646 298 1679 in
313 1646 427 1680 cubile
438 1672 446 1686 ,
465 1647 590 1680 mulier
603 1647 664 1681 ubi
680 1673 689 1688 ‚
705 1646 910 1691 dignissima

148 1694 311 1729 Nostram
330 1696 483 1740 experiri
498 1696 686 1736 maiitiam,
702 1697 820 1729 dulces
834 1697 924 1731 solet

149 1745 303 1787 Captare
317 1744 460 1778 somnos
475 1757 482 1778 :
498 1756 581 1778 vera
596 1756 676 1781 nam
691 1744 721 1778 si
736 1745 875 1778 nuntiat

150 1792 326 1836 Exceptus
343 1793 423 1826 hinc
438 1794 472 1827 ὃς
487 1793 566 1827 inde
580 1805 700 1828 rumor
710 1821 719 1833 ,
737 1794 882 1837 optimis
893 1820 905 1836 ,

151 1841 438 1886 Cultissimisque
454 1842 610 1877 moribus
621 1869 629 1884 ‚
648 1842 830 1877 clementii
841 1870 851 1885 ‚

129 1914 133 1920 -
152 1888 178 1926 F
181 1890 235 1924 ide
246 1915 255 1933 ‚
273 1890 422 1935 pietate,
438 1891 563 1927 ceteris
576 1892 787 1936 virtutibus,
