1268 2361
219 94 457 139 LlssER
515 102 833 136 SEXTUS.
935 103 1016 152 133

23 174 117 211 Tibi
130 173 262 210 videris
277 176 366 209 bella
384 173 522 209 cantrix
542 186 549 208 :
563 185 597 208 at
613 184 681 207 tuae

35 225 130 259 Mihi
146 225 330 258 cantilenae
341 250 350 265 ‚
365 235 517 265 moneo,
534 224 636 258 valde
653 222 836 266 displicent
851 233 861 259 3

33 274 177 318 Illisque
192 272 262 315 jam
276 284 369 306 nunc
387 273 555 306 abstinere
572 271 608 305 ni
623 271 713 305 velis
728 297 737 311 ,

33 322 87 356 Ex
104 333 159 355 me
175 323 263 356 feres
280 323 407 367 grande
426 321 570 366 aliquod
585 319 831 354 infortunium.

85 370 279 404 Philomela
295 381 431 404 atroces
447 370 561 404 verita
577 369 690 402 minas
707 367 882 401 obmutuit
897 379 913 404 ·„

35 419 226 463 Multoque
245 430 347 452 mane
363 419 441 452 cum
457 419 522 452 vix
538 418 762 451 dilucesceret
776 442 790 456 2

35 467 270 502 Periculosam
288 468 516 512 praepotentis
534 467 627 500 alitis

35 516 215 550 Viciniam
233 516 395 561 reliquit,
413 517 447 550 &
463 517 497 549 se
515 515 670 550 contulit

36 566 209 598 Celeriter
226 565 262 598 in
278 576 451 598 remotam
467 565 706 598 solitudinem.

34 614 89 647 Ibi
105 614 176 647 sese
193 613 303 647 doffis
322 614 454 648 artibus
471 625 615 658 operam
633 614 714 646 dare

35 662 187 707 Impune
204 664 344 696 tandem
362 662 459 707 posse
476 663 584 696 credit
603 674 611 694 :
630 662 663 694 ὅ(
678 663 775 694 leves

35 711 101 744 Per
116 712 249 744 summa
267 713 422 756 gramina
439 711 676 756 zephyrorum
693 710 834 754 spiritus

36 760 128 793 Cum
144 760 245 793 dulce
260 761 448 794 fremerent
463 786 475 800 ,
488 760 698 803 sibilumque
716 758 865 792 ramulis.

36 808 233 842 Mobilibus
250 810 351 842 arbor
367 809 540 842 musicum
559 809 675 842 omnis
693 809 847 842 redderet
863 832 880 847 μ

35 857 80 890 Et
96 857 248 891 Phoebus
265 858 371 891 etiam
390 857 535 891 candida
552 869 658 902 purus
675 858 750 891 face

35 906 216 940 Innubilas
230 918 292 951 per
307 918 406 940 auras
423 909 539 940 lucem
555 908 752 952 spargeret·
746 930 755 944 ‚

37 955 103 988 His
121 955 178 988 illa
194 965 291 1000 paret
307 955 570 990 incitamentis:
589 956 704 989 canit¹
699 979 707 993 ‚

37 1004 221 1049 Simulque
236 1005 352 1038 varias
370 1005 519 1038 celebrat
533 1004 670 1051 agrestis
687 1004 760 1037 loci

36 1053 272 1086 Amoenitates
283 1079 292 1094 ,
309 1054 343 1087 δι
357 1055 579 1097 voluptatem
595 1054 703 1087 suam.

87 1102 156 1135 Sed
171 1102 207 1135 in
223 1112 348 1136 cavato
364 1102 537 1147 proximae
555 1113 682 1136 trunco
698 1101 831 1134 arboris
844 1126 853 1142 ‚

39 1150 176 1184 Somno
194 1151 347 1194 sepultus
363 1177 372 1191 ‚
390 1151 452 1195 qui
467 1152 596 1185 latebat
609 1177 618 1192 ‚
638 1150 799 1184 horridus

37 1199 137 1232 Bubo
156 1200 330 1233 excitatur
346 1212 356 1238 ·‚
374 1200 535 1244 quamvis
553 1201 587 1233 &
602 1202 720 1232 lucem
734 1198 847 1231 oderit
861 1224 879 1239 ,.

39 1247 184 1281 Paulum
200 1247 396 1293 progreffus
409 1273 418 1288 ‚
431 1259 523 1281 voce
539 1249 638 1282 ferali
653 1247 811 1290 increpat
827 1259 835 1280 ε

40 1297 84 1329 Et
101 1322 110 1336 ,
128 1295 295 1330 Inficetos
313 1296 348 1329 ni
365 1296 476 1337 statim
493 1307 614 1330 cantus
630 1323 638 1337 ‚
656 1296 706 1329 ait
719 1322 727 1335 ,

38 1345 188 1378 finieris
200 1371 209 1385 ,
227 1344 324 1378 istam
340 1356 467 1378 vocem
485 1345 823 1389 importunissimam

39 1395 146 1427 Ultor
162 1405 227 1439 ego
239 1420 248 1434 ‚
263 1394 445 1439 vitamque
462 1393 567 1427 simul
583 1394 729 1438 eripiam
746 1393 821 1426 tibi.

39 1442 112 1476 Hic
129 1443 278 1488 deni-que
293 1443 392 1476 suum
409 1443 531 1476 misera
548 1443 623 1476 avis
641 1442 786 1475 studium
800 1440 919 1482 abjicit
935 1455 949 1478 ·,

40 1491 257 1536 Timensque
273 1502 402 1525 corvos
420 1491 522 1525 noete
534 1518 542 1532 ,
558 1493 717 1525 bubones
734 1490 787 1523 die
803 1516 812 1530 ‚

40 1540 129 1574 Silet
140 1566 148 1580 ‚
166 1541 315 1573 dolorve
331 1540 363 1573 si·
376 1551 516 1586 urgeat,
532 1541 665 1574 tantum
683 1538 802 1586 gemit.

91 1589 225 1622 Fabella
242 1588 366 1632 scripta
380 1589 426 1622 est
442 1590 479 1622 in
495 1589 658 1622 homines
677 1589 845 1633 quosdam
862 1587 954 1621 feros
969 1611 982 1627 ς,

42 1636 150 1672 Musa
158 1638 286 1682 quibus
304 1638 419 1672 omnis
436 1637 578 1687 suavior
593 1638 698 1671 bilem
715 1646 851 1671 movet.

407 1778 532 1839 ἐΐσην
537 1778 663 1839 <2²35-
1010 1775 1037 1790 ἒ
