1268 2361
9 144 11 187 4

9 193 11 243 l
60 210 88 237 a

152 119 325 164 LIBER
355 129 621 165 DECIMUS
654 131 912 165 TERTIrss.
953 136 1044 182 319

323 199 836 238 .——=-=”‘zffi——-—U-

223 283 558 331 FABULA
610 286 873 334 XXVII.

348 381 621 426 Combibones
652 384 753 429 duo.

51 430 177 507 Du
191 483 216 507 0
229 484 249 508 Β
261 483 288 507 U
300 483 318 507 s
335 474 423 507 olim
442 474 718 509 Combibonibus
735 474 802 509 fuit

52 521 173 556 Posita
188 524 311 567 lagena
326 522 443 556 fictilis
460 536 467 557 :
486 523 583 565 cujus
599 524 724 558 videns

52 571 214 614 Speciem
229 571 431 605 indecoram
446 598 455 614 ,
469 572 578 616 coepit
593 584 682 606 unus
698 572 875 617 hospitem

51 619 291 654 Vehementer
307 622 504 665 increpare,
520 632 593 654 non
609 621 733 655 vinum
750 631 844 656 ratus

50 667 104 701 Ibi
119 669 295 702 contineri
311 668 408 712 posse
425 669 493 703 nisi
510 670 727 703 vilissimum
742 683 752 709 ·,

50 716 113 757 Et,
132 715 293 751 afferatur
310 718 377 750 alia
393 717 568 760 nobilior,
584 718 692 758 jubet.

52 765 120 799 Sed
136 765 298 809 prohibet
311 767 419 800 alter:
437 766 579 811 Quippe
596 778 682 807 nos,
699 766 765 807 ait,
780 768 877 811 prius

51 813 167 847 Decet
180 814 353 859 experiri,
371 815 453 859 quid
468 815 587 860 liquor
601 815 721 859 sapiat.
739 815 856 849 Placet

52 862 278 897 Consilium:
296 840 354 897 ubi
371 874 486 897 autem
502 862 701 908 gustarunt,
717 864 842 899 vinum
855 864 960 922 simul

51 910 121 944 Hic
136 911 242 953 dicit,
260 911 319 945 ille
336 911 524 946 confitetur
540 912 729 957 optimum.
771 926 774 929 ·

102 959 296 995 Praestantis
313 960 422 994 animi
437 961 596 996 vividam
612 962 702 1006 saepe
719 962 876 997 indolem

53 1008 205 1044 Horrida
219 1035 229 1050 ,
247 1008 430 1044 inhonesta
448 1010 608 1055 corporis
625 1011 757 1055 species
775 1011 876 1056 tegit.

1010 214 1038 240 θ

186 1103 211 1129 -α
441 1088 926 1137 -ὁᾘῖε--ᾱ-Ξ-ι·

181 1175 533 1220 FABULA
597 1175 916 1221 XXVIII.

360 1272 494 1314 Canis
524 1272 563 1314 G·
591 1271 745 1316 Herus.

55 1324 150 1400 fo
162 1375 177 1400 s
190 1375 206 1400 s
218 1375 243 1399 Α
255 1376 289 1399 Μ
309 1365 346 1399 in
358 1366 568 1410 profundam
582 1377 696 1400 ruerat
710 1367 912 1412 imprudens
927 1368 1048 1411 Canis,

53 1415 252 1460 Multisque
268 1414 386 1449 frustra
404 1415 536 1449 nisibus
552 1425 749 1450 tentaverat

52 1463 205 1498 Resilire
220 1476 228 1497 ι
243 1463 346 1497 feffos
363 1464 509 1498 humido
527 1465 667 1498 demum
684 1465 762 1498 solo

53 1511 190 1553 Abiecit
206 1522 298 1546 artus
309 1538 319 1553 ‚
336 1513 439 1556 seque
455 1522 571 1546 totum
588 1513 727 1547 tradidit

53 1560 210 1594 Moerori
224 1562 360 1595 acerbo.
379 1562 456 1594 Huc
468 1561 561 1595 forte
575 1561 680 1606 paulo
699 1561 775 1605 post
787 1564 903 1598 Herus

54 1608 214 1642 Devenit
229 1635 237 1651 ‚
257 1610 291 1643 &
311 1610 484 1654 respexit3
502 1611 536 1644 ὅ(
551 1612 676 1644 videns
693 1612 792 1644 suum

54 1657 161 1691 Hunc
177 1657 243 1691 effe
254 1684 264 1698 ,
281 1657 396 1691 statuit
412 1660 570 1693 liberare.
587 1661 660 1693 Nec
676 1671 775 1694 mora
789 1686 799 1702 ‚

55 1706 341 1740 Adminiculante
359 1708 490 1751 pertica
507 1709 676 1742 delabitur
690 1722 699 1743 :

54 1755 102 1787 At
119 1754 178 1788 ille
195 1754 289 1790 lustu
303 1756 480 1790 acerbiore
494 1757 647 1800 perditus
663 1783 672 1798 ‚

55 1803 99 1836 Et
115 1803 335 1847 acquiescens
353 1804 389 1836 in
405 1805 463 1838 sua
479 1805 684 1849 aegritudine
701 1831 711 1846 ,

59 1851 177 1895 Opem
189 1852 368 1885 aversatur
382 1878 391 1893 ‚
406 1853 588 1898 impioque
605 1854 711 1887 etiam
727 1865 868 1887 manum

57 1899 193 1935 Sauciat
209 1901 355 1936 herilem
368 1902 482 1938 dente.
497 1903 590 1936 Tum
602 1902 779 1937 Dominus
799 1904 924 1946 pedem

756 1951 790 1985 Ο
814 1951 852 1985 iv
