1268 2361
0 0 65 53 ff..

243 104 480 150 LlBER
533 113 894 150 DECIMUS.
965 110 1058 163 229

19 169 41 194 ‘³¹‘
68 186 112 221 Et
127 185 296 229 lubricus,
312 198 355 220 ne
369 187 411 220 ad
425 187 540 219 dulces
557 185 740 230 perveniat
759 185 868 219 cibos.

118 236 206 269 Rem
218 237 304 269 bene
319 236 460 281 gerendi
472 234 631 279 quisquis
645 235 767 267 horam
782 243 976 278 prorogat,

21 283 32 309 ‘'-
70 283 201 326 Bonis,
220 284 343 329 quibus
360 293 439 330 eget
455 282 633 324 maxime,
648 282 775 317 merito
794 292 899 317 caret.

208 392 223 403 c
463 362 920 404 -Q-—3‚

218 448 581 501 FABULA
646 446 915 493 XVIII.

379 544 462 588 Iris
487 542 533 589 δ’
551 544 743 588 Phoebus.

3 648 6 650 “
24 676 25 679 ,
77 596 130 676 S
140 651 160 675 P
172 651 194 675 Ε
205 649 226 675 c
240 651 256 675 1
267 650 289 674 E
299 650 317 674 s
336 641 510 686 refulgens
526 649 580 673 tot
595 639 702 673 variis
719 640 898 674 coloribus

19 695 24 703 ²
71 689 156 723 Irim
174 691 353 735 superbam
369 689 496 723 fecerat
512 701 519 722 :
535 689 592 722 sed
610 688 833 731 postmodum

5 747 7 750 ·
20 758 27 780 .·
72 738 173 772 Facta
185 751 231 772 ex
244 739 387 783 superba
401 738 478 771 cum
498 735 611 771 fuiffet
626 737 778 770 insolens
791 763 800 776 ‚

73 787 310 822 Contemnere
325 788 383 820 illa
398 797 468 830 prae
483 786 517 819 se
532 785 701 818 Phoebum
715 795 869 829 coeperat
882 811 891 826 ‚

0 847 6 859 ‘-
24 868 26 877 k
74 836 142 870 Cui
158 837 259 870 color
275 835 397 869 ineffet
408 861 416 875 ,
435 834 624 879 quamlibet
643 833 756 866 nitido
772 860 781 873 ‚
797 835 936 868 unicus.

0 883 9 929 ᾗ
23 886 32 914 ἶ
73 884 188 919 Sentit
202 910 211 925 ‚
229 885 263 918 &
280 884 419 917 inanem
432 893 471 916 ut
487 883 652 927 reprimat
667 883 859 926 superbiam
872 909 881 923 ,

0 929 12 986 [ff
73 934 259 978 Respicere
273 933 423 966 Phoebus
438 932 532 965 illam
550 931 701 969 desinit3
718 932 751 964 &
766 932 870 964 simul

0 1009 1 1019 ,
21 981 28 1008 Τ
74 982 243 1017 Vanescit
254 981 328 1024 ejus
343 982 459 1015 omnis
477 981 512 1014 &
524 982 643 1021 color,
663 980 697 1014 &
717 981 833 1014 decor.

124 1031 201 1065 Hos
218 1031 279 1076 qui
294 1030 495 1075 vituperant
510 1056 518 1070 ‚
534 1039 684 1074 quorum
700 1028 872 1062 beneficio
886 1028 970 1062 suos

69 1081 215 1119 ⁴Debent
229 1081 383 1114 honores
395 1105 404 1121 ‚
418 1079 482 1112 hac
496 1088 684 1112 monentur
696 1077 822 1111 fabula.

458 1157 797 1203 &affe-‘ffl-
806 1185 898 1190 -.-
910 1167 936 1193 5>

258 1246 293 1290 F
315 1244 357 1290 A
387 1245 420 1288 B
454 1244 500 1288 U
530 1243 565 1287 L
592 1241 632 1285 A
702 1240 749 1285 X
777 1243 796 1287 Ῑ
821 1239 881 1286 Χ.

348 1339 499 1384 Cervus
529 1336 571 1384 δ’
600 1337 801 1397 Piscator.

197 1173 224 1200 ‘C

81 1412 132 1490 ἶ
144 1464 171 1489 N
188 1455 293 1490 litore
313 1454 418 1494 maris
434 1455 568 1487 Cervus
590 1452 655 1486 iter
671 1451 749 1485 cum
765 1461 938 1495 carperet.
930 1464 937 1471 ·

80 1505 246 1545 Nullum,
260 1504 327 1544 ait,
343 1503 493 1547 opinor,
507 1502 554 1535 est
564 1502 760 1560 periculum
777 1500 863 1533 mihi

81 1554 134 1587 Ab
148 1554 246 1598 aquis
260 1553 478 1589 timendum3
492 1561 616 1584 verum
629 1551 670 1582 ab
683 1549 773 1593 agris
787 1559 860 1582 non
874 1548 972 1583 item

81 1601 162 1635 Huc
177 1613 262 1646 ergo
275 1601 408 1634 tantum
422 1599 581 1643 respicit,
599 1599 728 1631 malum
744 1597 810 1631 sibi

81 1649 222 1695 Infligat
236 1661 278 1684 ne
296 1648 373 1694 quis
389 1647 480 1682 forte
493 1656 665 1686 venator,
681 1657 821 1680 cavens.

83 1697 238 1732 Piscator
253 1707 368 1731 autem
383 1696 546 1742 cymbula
559 1695 680 1729 vestus
696 1695 769 1728 levi

84 1747 223 1781 Sensim
237 1746 468 1790 propinquat,
486 1755 582 1778 oram
597 1745 631 1777 &
646 1753 838 1777 extremam
852 1740 959 1786 legit3

43 1837 46 1840 .
86 1795 254 1840 sacroque
269 1796 342 1828 telo
358 1793 447 1827 male
463 1803 600 1826 cautum
614 1792 732 1825 sternit
744 1793 867 1826 ferum.

135 1844 299 1888 Undique
313 1844 505 1876 cavendum
521 1841 590 1875 est.
608 1852 627 1874 e
641 1842 722 1874 loco
737 1837 885 1873 minime
901 1837 1067 1872 omnium

87 1892 287 1938 suspicioso
301 1890 475 1927 calamitas
489 1891 578 1937 saepe
592 1890 656 1925 adv
660 1889 752 1925 enit
