1268 2361
114 120 284 165 LIBER
313 130 575 164 DECIMUS
613 130 900 174 QUARTUS.
940 127 1036 182 329'

41 200 167 234 Fervet
182 201 231 235 ibi
245 212 371 246 nempe
385 201 548 246 pertinax
561 200 672 234 studio
685 201 786 235 labor
804 214 813 235 :

40 249 93 283 Ibi
109 251 212 283 mella
227 250 331 284 vobis
346 250 458 283 dulcia
474 260 640 295 generant
657 261 751 293 apes.

40 298 106 331 His
120 299 295 332 emendati
313 299 461 332 monitis
476 299 649 344 Agricolae
666 299 767 332 suum

41 346 206 380 Fatentur
219 358 374 380 errorem
385 373 394 388 ‚
408 347 657 391 AEsculumque
671 358 744 380 non
758 345 867 381 mod&

38 394 204 428 Evertere
218 397 367 435 nolunt·‚
385 405 417 430 at
428 422 437 436 ‚
454 407 498 430 ne
515 396 593 440 quis
606 397 770 429 damnum
787 395 936 438 inferat,

40 442 199 488 Vigilate
215 443 367 478 statuuiit
380 471 387 485 ,
403 444 628 478 utilissimam
645 444 712 478 sibi

40 492 128 527 Fore
141 493 346 527 arbitrantes
363 494 397 528 &
410 494 479 527 suis
494 494 696 538 nepotibus.

439 583 637 624 *3⁴52

240 673 271 716 F
303 671 343 715 A
376 671 410 716 B
445 671 491 716 U
526 672 562 716 L
592 673 631 716 A
716 673 735 716 1
762 657 823 717 Χ.

288 768 561 828 Melisfitida
581 766 623 814 ἃ
639 767 781 812 Canis.

40 838 164 915 DE
180 881 336 916 Melibus
352 881 422 915 istis
436 908 444 922 ‚
459 893 535 926 quae
549 891 725 916 vocantur
739 881 853 916 fetidae
865 907 875 922 ‚

40 929 156 963 Unam
172 931 360 972 excitarat,
377 932 411 964 &
427 931 669 975 insequebatur
686 931 789 965 Canis
806 943 813 964 :

40 977 118 1013 Jam
133 978 278 1022 propii'is
294 990 394 1023 urget
409 991 418 1017 ·,
436 978 573 1024 jamque
588 979 828 1023 comprensam
845 987 943 1022 putat
958 989 974 1016 3

42 1027 389 1072 Comprenderetque
400 1053 409 1068 ‚
427 1027 619 1060 maximum
638 1027 674 1060 ni
688 1027 888 1072 intelligens

41 1073 240 1108 Periculum
256 1075 314 1108 illa
325 1101 334 1116 ‚
351 1077 392 1109 ad
407 1076 566 1109 ultimam
580 1085 773 1109 recurreret
788 1102 797 1117 ,

43 1123 112 1156 Sed
126 1123 298 1157 efficacem
308 1149 317 1164 ‚
331 1124 533 1158 vindicandi
550 1124 584 1158 se
598 1124 706 1158 viam.

42 1171 246 1205 Visceribus
263 1183 347 1217 ergo
365 1172 532 1216 quidquid
545 1172 682 1206 intimis
698 1173 798 1207 fovet

42 1219 233 1253 Teterrimi
248 1220 370 1254 fetoris
382 1246 391 1260 ‚
409 1220 500 1255 imos
518 1222 560 1255 ad
574 1220 671 1254 sinus

42 1267 169 1301 Trudit
181 1294 190 1309 ‚
205 1269 238 1301 ὅ(
252 1267 289 1301 in
301 1280 409 1302 unum
425 1269 520 1313 cogit
531 1295 540 1310 ,
555 1269 589 1302 &
604 1278 762 1312 apertum
777 1268 884 1305 Canis

42 1315 84 1350 In
98 1327 139 1348 os
155 1316 322 1361 propellit
336 1329 343 1350 ε
361 1317 420 1361 qui
437 1317 540 1351 simul
554 1317 804 1351 exsecrabilem

43 1364 162 1398 Sensit
175 1365 360 1408 mephitim
373 1392 380 1406 ,
395 1365 494 1399 restat
509 1366 546 1399 in
560 1365 709 1411 vestigio

42 1411 196 1446 Defixus
208 1439 216 1453 ‚
233 1414 266 1447 &
282 1413 429 1449 reflec'tit
441 1414 630 1449 attonitum
645 1424 746 1458 caput
757 1440 765 1454 ‚

44 1460 267 1505 Praedamque
281 1462 408 1506 refugit
421 1463 613 1496 obscaenam
629 1476 636 1496 :
655 1474 758 1507 atque
772 1463 806 1497 se
822 1461 965 1497 interim

44 1509 177 1543 Intacta
193 1509 299 1544 Melis
314 1510 351 1543 in
365 1511 546 1546 latibulum
561 1511 725 1555 proripit.

94 1558 219 1591 Fabula
233 1558 434 1603 quibusdam
448 1559 655 1594 Auftoribus
672 1560 797 1604 scripta
811 1559 877 1602 est,
890 1559 950 1593 suzi-

47 1605 121 1651 Qui
135 1606 291 1641 foeditate
310 1607 462 1643 Criticos
478 1619 602 1643 omnes
618 1609 790 1644 territant.

175 600 198 624 'G

431 1756 652 1808 Q&
