1225 2367
158 122 251 180 '352
319 115 984 161 FAB.AES0·P1‘ARUM

154 197 239 230 Uno
251 221 259 236 ,
274 197 415 240 levique
430 195 578 240 digitulo
595 195 723 229 sensim
736 196 831 238 ejicit
846 209 854 230 τ

154 245 360 289 Frustraque
376 254 477 288 putes
488 270 496 285 ,
511 244 627 288 inquit
641 256 651 283 3
665 245 756 278 haud
768 245 879 290 fugies
893 255 1017 279 necem

155 294 236 336 Qui
248 293 370 337 dignus
388 305 424 326 es
441 293 631 336 :benigna‚
648 293 864 334 misericors,
882 294 939 337 pia

154 340 230 374 Effe
245 341 385 385 quidem
401 342 435 374 &
451 351 539 384 opto
551 366 559 381 ‚
576 340 657 374 &id
672 352 824 384 procuro
841 341 998 380 maxim'e
1013 353 1026 380 ·,

155 388 299 422 Infirma
314 390 372 423 sed
384 388 451 422 effe
469 390 567 423 nolo.
586 389 678 422 Tum
695 389 841 423 famulas
857 399 964 423 vocat
978 402 990 427 ·‚

156 437 369 482 Tollanrque
384 437 511 470 vivum
524 439 615 471 hunc
628 463 636 479 ,
653 447 755 482 atque
773 439 979 472 comburant
989 464 998 480 ‚
1010 435 1123 480 jubet&

204 487 292 520 Haec
306 498 390 520 vera
405 486 518 520 virtus
529 512 538 527 ,
554 497 630 531 quae
647 487 767 521 severa
783 486 831 520 est
847 487 884 519 in
895 488 991 522 loco.

289 578 1012 626 ‹c-——ffifflssss—-t

303 664 334 708 F
370 664 410 708 A
445 664 479 709 B
517 664 561 708 U
596 664 632 707 L
666 663 707 707 A
784 663 832 709 X
858 663 906 709 X
937 662 999 708 X.

446 759 618 802 Scimus
644 755 686 803 δ’
714 757 867 802 Nuces.

1202 512 1221 623 Ξὃ

1207 623 1222 669 ω,

154 829 265 909 M
274 881 298 905 ο
311 882 336 905 N
348 881 371 905 ’r
384 882 397 905 1
410 882 427 906 s
443 870 619 905 habitabat
634 871 765 905 clivum
777 896 786 912 ,
800 871 1032 906 abundantem
1046 874 1151 918 nuce}

154 922 299 957 Sciurus
315 934 324 959 3
341 922 374 954 &
390 922 438 955 ita
451 932 590 965 carpere
607 920 751 954 obviam
764 921 888 964 dapem

153 971 339 1005 Didicerat
348 996 357 1010 ,
371 979 410 1002 ut
421 970 617 1013 faceretque
631 970 780 1002 multum
796 968 955 1013 corporis
966 995 976 1010 ,

154 1020 351 1063 Nihiloque
366 1018 526 1052 hebetior
541 1017 641 1051 fieret
656 1017 737 1050 hinc
748 1043 757 1058 ‚
776 1027 834 1050 aut
849 1017 992 1053 tardion

152 1067 381 1111 Quotidianae
399 1078 486 1100 mox
500 1077 619 1099 tamen
632 1066 811 1099 alimoniae

153 1116 307 1151 Facilior
321 1116 401 1149 usus
419 1114 534 1148 attulit
548 1115 721 1148 fastidium
736 1127 746 1153 ·‚

151 1165 370 1209 vallemque
384 1163 568 1201 subiectam
582 1164 693 1196 amnis
708 1173 747 1196 ut
761 1162 954 1197 latissimus

153 1214 288 1247 Totam
302 1213 495 1256 occupabat
505 1238 515 1252 ‚
529 1211 674 1256 ripaque
689 1211 836 1245 ulterior
851 1212 965 1245 solum

152 1263 190 1297 ,N
194 1263 266 1295 ucis
284 1261 484 1295 ostendebat
496 1261 655 1304 plurimae
668 1260 798 1304 pariter
811 1260 908 1294 ferax
919 1286 928 1301 ‚

153 1310 306 1345 Incessit
322 1311 449 1343 animal
464 1309 663 1353 inquietum
680 1308 835 1342 maxima

152 1360 239 1394 Eue
253 1358 451 1392 transeundi
468 1357 638 1401 cupiditas
654 1369 663 1395 3
679 1358 714 1390 &
726 1357 886 1401 impulit,

152 1409 253 1451 Quid
267 1407 377 1452 poffet
393 1407 429 1440 in
446 1418 482 1439 re
498 1406 636 1439 nautica
647 1432 656 1447 ‚
670 1415 709 1439 ut
722 1407 943 1450 depromeret
957 1417 968 1443 3

153 1457 388 1501 Tenuemque
403 1455 474 1500 fagi
489 1480 498 1495 ‚
515 1455 654 1500 pulsum
670 1454 706 1487 in
725 1455 833 1488 undas
845 1480 853 1495 ‚
869 1453 1043 1488 corticem-

153 1505 264 1538 Levis
278 1506 448 1544 insiliret,
464 1504 567 1546 seque
583 1503 700 1536 ventis
716 1504 888 1536 crederet:

153 1554 248 1587 'Nam
266 1555 369 1587 cauda
385 1551 501 1585 ventis
515 1553 631 1596 patula
647 1551 844 1595 pers-landos
859 1550 956 1584 sinus

155 1602 319 1646 Explicat
333 1627 341 1641 ,
360 1603 401 1634 ad
416 1611 534 1633 auram
551 1600 626 1633 sive
641 1599 809 1644 zephyri,
827 1600 886 1633 seu
902 1597 981 1632 noti

154 1651 281 1685 Parata
294 1676 302 1691 ‚
320 1649 522 1693 carbasique
536 1648 692 1692 fungitur
705 1648 796 1681 vice.

157 1700 213 1732 Ad
227 1699 311 1732 litus
324 1699 394 1732 hoc
411 1698 512 1741 pacto
527 1697 660 1740 appulit
673 1696 821 1729 feliciter

158 1748 362 1781 Navarchus
376 1747 487 1779 audax
505 1758 511 1778 :
531 1757 595 1778 nec
610 1744 806 1789 quiescendi
821 1754 955 1777 moram

159 1795 305 1829 Obstare
322 1795 450 1839 patitur
465 1821 474 1836 ,
490 1794 680 1839 quominus
697 1795 877 1836 extemplo
891 1793 992 1827 cibos

161 1845 217 1879 Ad
226 1844 407 1888 ‘expetitos
421 1852 546 1877 currat.
564 1844 746 1887 Ingentem
761 1842 859 1875 videt

162 1892 277 1929 Laetus
295 1893 486 1939 avidusque
505 1892 644 1938 copiam
662 1891 716 1928 zse
731 1889 932 1939 ingurgitat.
