1225 2367
157 137 248 200 386
316 139 464 182 ΓΑΒ.
499 139 980 184 AESOPIARUM

151 220 389 256 Occasionem
403 221 558 254 deserant
580 221 712 254 timidae
732 221 862 256 nimis:

149 273 233 304 Non
250 271 428 304 defuturos
444 272 652 303 commodos
669 271 769 303 venti
785 271 912 304 halitus
927 296 938 311 ‚

148 321 286 363 Quibus
303 319 511 360 adjuventur
525 344 534 359 ‚
551 330 589 351 nt
607 320 647 352 ab
661 320 770 352 humo
787 319 821 352 se
838 320 1020 352 sublevent
1034 330 1046 354 t

149 370 276 402 Suadet
292 367 405 401 sorori
422 367 571 410 denique
583 393 591 407 ‚
610 369 728 400 ambas
745 369 840 412 quod
855 368 965 409 juvat.

197 419 289 462 Ergo
310 417 377 448 huc
392 441 401 456 ‚
416 415 559 460 praeivit
576 415 647 460 quo
665 417 833 449 voluntas
847 442 856 457 ,
873 417 1042 450 devolant
1057 426 1070 454 ·,

148 466 333 510 Avideque
349 464 577 508 depascuntur
594 474 753 508 optatam
770 466 905 509 dapem.

148 517 306 548 Saturata
323 513 507 558 postquam
522 514 626 557 liquit
643 513 840 558 ingluviem
852 514 981 554 fames,

148 564 301 608 coepere
318 562 583 606 circumspicere
597 588 607 603 ‚
625 562 654 595 si
669 574 737 607 qua
746 561 829 606 >spes
845 562 938 596 foret

146 613 282 647 Auxilii
298 613 339 646 ab
354 612 470 655 aliqua
487 621 583 655 parte
601 611 678 645 caeli
696 624 705 650 3
723 611 807 655 quid
823 612 952 644 nothus
963 635 974 652 ‚

146 664 305 696 Eurusve
317 688 324 702 ‚
340 662 562 705 zephyrusve
578 686 586 701 ‚
605 670 664 693 aut
680 660 800 704 aquilo
817 660 1080 704 promitterent.

147 713 262 745 Tenet
278 712 346 752 alta
362 710 516 753 liquidos
534 708 623 741 aeris
636 720 783 752 campos
800 710 913 754 quies.

147 760 386 794 Mutationem
399 757 571 801 temporis
589 756 792 801 aliquandiu

147 807 332 853 Exspectat
347 816 494 850 utraque
509 818 518 838 z
536 806 650 838 donec
667 806 780 839 oculis
797 805 970 849 morpheo

148 858 283 891 Furtim
299 857 511 890 admovente
529 855 607 887 lene
624 864 840 887 tormentum
851 880 860 895 ‚
876 855 983 888 altera

148 905 301 940 Devista
315 905 453 938 tandem
465 929 474 945 ‚
491 903 608 936 sensus
625 902 742 936 amisit
759 903 859 948 gravi

150 957 288 999 Sopore
304 953 446 986 vinctos
464 967 473 986 ;
490 953 599 985 altera
615 961 734 985 autem
750 951 890 985 fortiter

151 1005 265 1037 Cavet
279 1003 366 1043 sibi,
383 1002 551 1045 suumque
568 1000 793 1045 propositum
810 1009 906 1034 tenet
919 1025 930 1041 ,

149 1054 193 1086 Et
207 1052 408 1097 perseverat
418 1077 427 1092 ‚
441 1061 530 1083 aurae
545 1051 587 1082 ad
602 1060 746 1082 omnem
759 1049 903 1082 sibilum

151 1103 294 1135 Attenta
307 1101 443 1144 semper
459 1112 470 1137 3
486 1108 589 1142 atque
603 1099 644 1130 ad
659 1108 857 1131 extremum
874 1096 954 1131 cavi

151 1152 209 1184 De
223 1153 330 1184 latere
347 1148 479 1182 montis
492 1157 620 1180 ventus
637 1146 826 1179 excitatior

153 1199 313 1242 Erumpit
329 1198 425 1231 ilicet
440 1222 450 1238 ,
468 1197 502 1230 ὃ(
515 1206 670 1239 paratam
682 1195 841 1228 sublevat
855 1221 864 1235 ‚

153 1249 195 1282 Et
212 1258 297 1280 nota
312 1247 429 1280 secum
446 1246 488 1278 ad
505 1244 590 1277 astra
602 1243 698 1276 tollit
710 1253 914 1288 praepetem.

183 1309 186 1312 ’
201 1297 311 1330 Soror
326 1293 445 1328 relicta
457 1292 534 1337 post
549 1291 655 1336 paulo
671 1292 944 1338 expergiscitur:

155 1346 347 1389 Gemitque
358 1370 368 1385 ‚
385 1342 680 1386 conqueriturque
697 1367 706 1381 ‚
721 1342 831 1374 solam
849 1341 883 1374 se
898 1340 1022 1374 videns
1035 1350 1049 1378 ;

154 1394 340 1438 Motisque
353 1391 478 1437 pennis
496 1391 538 1424 ad
552 1391 712 1424 volatum
730 1389 876 1423 enititur
892 1401 902 1423 ε

153 1445 222 1477 Sed
237 1442 390 1486 undique
407 1441 464 1474 aer
479 1439 549 1481 jam
565 1438 676 1482 priori
690 1438 842 1471 redditus

154 1489 436 1535 Tranquillitati‚
453 1488 661 1521 inefficacem
677 1487 743 1520 fert
757 1497 862 1530 opem
879 1498 889 1524 ·,

156 1541 339 1584 Bonasque
352 1538 477 1571 misera
493 1536 595 1569 sortis
613 1535 753 1568 incertae
770 1535 867 1568 vices
881 1560 891 1575 ,

155 1589 268 1622 Affixa
283 1587 384 1621 terris
395 1612 404 1626 ‚
419 1584 617 1628 exspectare
633 1584 782 1629 cogitur.

205 1637 280 1671 Hac
295 1637 481 1678 edocemur
499 1631 613 1666 fabula
624 1658 632 1672 ‚
651 1641 826 1676 quotquot
841 1631 959 1664 sumus

156 1684 311 1726 Infirmi,
325 1693 466 1728 egentes
481 1707 491 1722 ,
508 1692 545 1714 ac
559 1680 685 1714 miselli
700 1680 903 1713 homunculi
918 1705 928 1719 ,

155 1734 291 1769 Divina
305 1760 314 1774 ,
333 1732 408 1766 sine
424 1732 500 1775 quis
516 1730 627 1763 facere
643 1729 693 1761 nil
709 1729 792 1762 boni
810 1729 892 1761 licet
904 1753 915 1769 ,

156 1782 298 1817 Auxilia
311 1782 449 1829 qualem
462 1777 677 1825 diligentiam
692 1787 869 1823 expetant.
