1225 2367
197 224 221 248 <i

353 292 732 339 FABULA
815 263 1065 339 X111(

489 383 888 448 Ardea&P{fces.

191 462 291 537 ΤΕ
304 512 329 536 N
342 511 369 536 u
382 511 397 535 1
409 511 428 536 Β
440 510 467 535 υ
480 511 497 535 s
517 501 550 535 ὅ(
566 500 725 547 proceris
742 500 826 536 nixa
839 500 996 537 cruribus
1007 527 1020 546 ,

191 552 386 596 Longoque
406 552 500 584 collo
515 576 524 591 ‚
543 550 654 584 rostro
669 551 781 595 longo
798 550 943 595 praedita

192 602 311 634 Stabat
326 599 462 633 silentis
478 601 589 633 Ardea
605 599 697 633 lacus
714 599 752 633 in
768 600 882 639 vado3

193 649 235 682 Et
252 648 492 693 exspectabat,
509 648 538 681 si
556 659 622 693 qua
635 647 708 682 fors
724 656 928 690 occurreret

190 697 322 731 Idonea
338 697 404 731 sibi
422 698 546 741 prxda.
567 697 679 730 Pisces
695 698 859 732 adnatant
875 710 885 732 t
965 700 967 702 ’

192 746 325 780 Barbus
336 772 345 787 ,
363 746 532 791 cyprinus
544 771 553 787 ‚
567 756 668 789 perca
684 771 693 787 ‚
710 745 805 779 tinea
815 772 823 787 ‚
841 745 954 780 lucius
965 770 977 788 ‚

193 795 286 828 Eunt
298 822 308 835 ,
327 796 541 838 redeuntque
559 808 566 827 :
585 796 746 828 accedere
763 795 910 839 propius
925 794 1044 838 videt,

194 845 245 878 Ut
261 843 412 888 eligendi
428 870 437 884 ‚
456 843 687 888 capiendique
704 842 774 885 jam
790 845 890 884 labor

195 892 356 937 Supersit
373 904 460 925 unus
479 905 486 925 :
505 903 538 925 at
551 894 609 926 vel
627 892 737 926 exiles
756 892 862 926 nimis
877 919 889 935 ,

193 940 367 975 Parumve
384 942 509 986 dignos
521 968 530 983 ‚
548 942 607 986 qui
622 943 739 986 gulam
753 943 973 976 demulceant

196 990 286 1023 Tam
303 990 488 1024 delicatam
504 1016 515 1031 ,
531 1001 666 1035 reputat
684 991 742 1024 illa
757 1003 767 1028 ·,
787 991 821 1023 ὃ(
836 991 997 1036 singulos

197 1039 352 1084 Superba
368 1039 515 1077 omittit.
533 1040 679 1073 Interim
696 1038 767 1073 alio
780 1039 929 1084 piscium

198 1088 265 1121 Sua
282 1090 417 1122 turbam
433 1088 559 1122 levitas
575 1114 583 1129 ,
602 1098 660 1121 aut
675 1088 787 1121 libido
804 1088 972 1132 provehit
986 1100 998 1128 ·,

197 1136 350 1182 Abitque
366 1148 504 1181 tempus
522 1149 532 1175 ·‚
552 1137 586 1170 δι
602 1136 805 1181 supervenit
821 1137 930 1171 fames

196 1185 406 1220 Immodica.
424 1186 518 1221 Vilis
535 1197 573 1220 ac
588 1186 736 1231 pusillus
751 1185 860 1230 gobio

198 1234 298 1269 Tunc
314 1234 405 1269 fort'e
422 1246 521 1268 caeno
534 1235 686 1268 emersus
703 1235 772 1267 huc
786 1235 992 1282 adremigat.

199 1284 361 1324 Advertit
378 1284 477 1317 omni
492 1295 603 1318 vacua
616 1283 685 1325 jam
700 1283 839 1317 fastidio

199 1334 311 1367 Ardea
325 1346 334 1372 3
353 1333 505 1377 satisque
521 1333 555 1366 se
571 1334 708 1366 beatam
722 1332 898 1366 existimet
912 1358 923 1374 ‚

197 1383 343 1416 Donate
360 1382 478 1417 ventri
493 1383 599 1415 talem
616 1382 646 1415 si
661 1383 813 1425 praedam
830 1391 950 1426 queat.

200 1431 344 1465 Hiantis
361 1442 446 1476 ergo
462 1430 561 1464 rostri
578 1431 838 1475 longitudinem

199 1479 368 1513 Demittit
384 1479 421 1512 in
438 1490 545 1524 aquas
562 1478 678 1513 subito
698 1492 705 1512 :
724 1479 782 1512 sed
798 1478 942 1513 citatior
960 1502 964 1505 -

200 1528 362 1562 Aviditas
379 1528 506 1574 frangit
524 1528 641 1561 omnis
657 1528 735 1561 vim
753 1527 928 1566 solertiae3

201 1577 413 1621 Vadumque
430 1578 544 1610 turbat
561 1576 695 1610 tantum
710 1577 872 1610 aberrans
889 1576 1058 1621 impetus.

201 1625 271 1659 Hic
287 1625 409 1659 moesta
429 1626 620 1669 quidquam
637 1624 760 1669 perfici
776 1625 872 1669 poss‘e
886 1626 998 1659 Ardea

202 1675 375 1718 Desperat
392 1686 401 1713 ·‚
415 1674 610 1718 infelixque
627 1674 712 1708 litus
729 1674 853 1707 deserit
869 1687 878 1709 t

203 1723 366 1756 Abscedit
377 1748 386 1764 ‚
406 1723 439 1756 ἃ
455 1722 620 1757 limacem
637 1722 674 1756 in
690 1722 910 1756 immundum
926 1721 1072 1762 incidit3

203 1771 392 1816 Ipsumque
403 1798 413 1813 ‚
429 1771 561 1816 sprevit
578 1783 654 1816 quae
671 1772 828 1816 optimos
845 1772 955 1817 pisces
969 1798 979 1813 ‚
994 1780 1115 1808 vorat.

255 1820 412 1854 parabile
429 1820 588 1866 quisquis
603 1832 723 1865 capere
739 1820 865 1856 fastidit
880 1822 1015 1856 bonum
1028 1847 1039 1863 ‚

206 1868 340 1904 Merito
359 1870 418 1905 ille
436 1879 562 1917 poenas
578 1868 689 1904 stultae
704 1871 760 1905 dat
775 1868 957 1916 superbiae.
