1225 2367
181 69 274 111 214
341 54 494 97 ΕΑΒ.
527 53 1018 100 AESOPIARUM

173 134 323 168 Dimisit
339 144 479 174 aurem,
496 144 600 177 quam
613 134 752 167 tenebat
771 134 947 169 mordicus
961 160 974 178 ,

174 183 401 226 Dorsumque
417 182 535 215 miseri
550 192 733 236 proterens
750 184 836 217 duro
853 185 964 233 pede:

174 231 244 264 Isto
260 231 410 273 ejulatu,
425 230 517 271 istis,
532 232 600 271 ait,
620 231 791 264 balatibus

173 280 347 313 Tencram
364 279 516 312 excitare
533 279 807 313 misericordiam
822 279 948 324 cupis;

172 328 386 372 Nostrasque
402 338 524 361 contra
538 328 633 361 vires
649 328 822 362 auxilium
838 340 971 363 vocas·

172 379 219 410 At
235 377 396 421 protinus
413 386 446 410 te
460 376 675 420 strangulabo
687 403 696 419 ‚
714 376 750 410 ni
767 387 872 417 taces.

171 426 372 470 Respondet
388 426 508 469 Agnus
525 437 534 458 ι
553 425 633 458 Heu
650 428 656 459 !
675 437 793 458 meum
807 435 846 458 ut
859 436 903 458 ne
918 426 1055 472 lugeam

172 474 261 508 Tam
276 475 402 520 grande
416 475 580 508 damnum
591 499 600 516 ,
616 475 728 508 facere
742 474 816 508 sola
831 485 927 508 mors
943 475 1069 520 potest.

298 580 325 605 ,ς
470 594 546 598 Μ
557 564 774 611 ’.2-ψὲ
1013 576 1037 602 i>-

295 651 649 697 FABULA
715 650 1037 698 XXXIX.

477 748 658 808 Cynicus
687 746 858 795 &Rex.

176 818 284 898 CY
296 871 322 895 N
334 872 348 896 1
361 871 381 896 c
395 871 422 896 U
434 871 451 896 s
470 863 642 896 talentum
660 873 678 895 a
694 862 790 907 Rege
805 862 883 896 cum
900 870 1034 906 peteret
1046 859 1134 897 sibi:

169 910 250 943 Plus
261 937 270 951 ‚
290 911 406 956 inquit
422 911 481 944 ille
495 937 504 952 ‚
520 911 623 956 quam
637 912 736 945 decet
753 910 928 956 Cynicum
939 936 948 952 ,
963 910 1068 955 petis.

167 960 363 993 Denarium
379 971 463 1005 ergo
478 959 550 1002 jam
565 959 666 1004 petit.
682 960 774 993 Petis
791 959 906 993 minus
918 985 928 1002 ‚

167 1007 227 1040 Ait
244 1008 303 1041 ille
320 1009 435 1042 rursus
447 1035 456 1049 ‚
472 1007 576 1053 quam
593 1009 690 1041 decet
704 1008 837 1052 Regem
851 1009 945 1042 dare.

145 1092 156 1096 x
214 1056 274 1090 Nil
288 1058 367 1091 dare
380 1057 519 1091 volenti
532 1057 631 1090 causa
647 1055 750 1091 facile
764 1056 930 1100 suppetit.

295 1145 768 1193 ,βᾱῌβέ

357 1240 758 1286 FABULA
827 1239 960 1285 XL.

409 1336 568 1381 Orator
596 1333 638 1381 ὃ*
664 1335 912 1381 Circulator.

164 1409 214 1483 ἶ
226 1459 253 1483 D
267 1458 292 1483 0
305 1459 330 1483 N
343 1459 364 1483 E
377 1458 402 1483 A
420 1450 503 1483 vitae
527 1450 561 1483 δε
576 1448 732 1482 moribus
749 1447 828 1481 cum
842 1448 1001 1482 funderet

162 1499 297 1533 Orator
312 1498 400 1532 olim
416 1498 579 1542 copiosus
597 1497 633 1530 in
650 1498 729 1530 foro

163 1547 370 1580 Atheniensi
384 1573 392 1587 ,
414 1546 624 1580 concionem
637 1546 771 1579 civium

160 1597 194 1628 N
196 1596 390 1629 umerosam
402 1621 411 1636 ,
426 1595 605 1628 honestam
622 1595 854 1639 gratulabatur
866 1591 933 1627 sibi
946 1605 956 1628 ε

160 1645 297 1677 Verum
312 1655 393 1676 ecce
410 1653 642 1687 concrepante
657 1642 895 1676 tintinnabulo

160 1693 360 1736 SpeEtacula
376 1693 433 1725 sua
451 1692 647 1725 Circulator
662 1692 824 1728 nuntiat,
813 1702 820 1708 ·

160 1741 342 1785 Simulque
360 1740 487 1774 concio
505 1740 695 1774 Oratorem
711 1738 836 1773 deserit
850 1763 859 1779 ‚

159 1790 201 1822 Et
217 1799 382 1833 properat
397 1789 500 1830 illuc,
518 1788 633 1843 gaudii
650 1788 721 1832 quo
735 1789 811 1832 spes
826 1795 947 1822 vocat.

159 1838 260 1872 Unus
276 1847 394 1873 tamen
406 1837 594 1880 remansit,
607 1837 644 1871 in
659 1838 786 1884 angulo
802 1835 945 1870 sedens:
