1268 2361
129 131 334 178 'LIBER
372 146 412 179 D
433 146 851 183 UoDECIMUS.
922 138 1011 203 289

17 211 73 250 En
82 215 154 249 Bos
169 215 315 249 verendi
331 216 511 250 adducitur
528 218 651 261 templi
666 219 764 253 Deus

16 263 163 309 Pinguis
174 290 184 305 ,
199 264 315 309 sagina
331 264 561 310 strangulante
578 267 700 300 debilis
716 294 725 308 ,

19 313 317 358 Tardissimisque
332 314 490 357 passibus
504 315 570 348 vix
583 316 775 351 ambulans.

19 359 119 394 Tunc
133 362 191 394 ille
209 363 314 395 talem
329 362 583 408 AEgyptiorum
597 364 769 399 insaniam

18 409 110 443 Cum
124 411 294 444 derideret
311 411 436 445 tacitus
450 413 488 445 in
503 413 566 446 suo
581 413 660 446 sinu
675 439 684 454 ‚

20 457 208 499 Meminit,
226 459 262 492 in
278 460 362 493 urbe
380 460 413 494 se
431 461 592 494 omnium
609 462 836 497 celeberrima

17 506 150 540 'Videre
167 507 307 541 struCtas
324 509 485 552 paribus
477 511 647 554 impensis
662 512 813 553 domos,

18 555 184 600 Amplas,
201 556 387 601 superbas,
404 569 551 602 quarum
566 559 599 593 se
614 560 749 593 domini
767 560 911 606 quidem

16 604 200 647 Quosdam
218 616 381 649 putarent
396 607 642 652 adspeftabiles
659 610 784 650 Deos,

18 652 86 686 Sed
101 654 290 688 hominum
307 655 396 699 saepe
414 656 478 689 vix
491 657 702 691 haberentur
716 659 815 694 loco.

179 745 623 793 ——233523
859 761 883 786 »-

140 832 172 876 F
207 832 248 877 A
287 832 319 878 B
358 833 403 879 U
442 833 477 878 L
516 837 557 878 A
659 834 707 880 X
744 835 792 881 X
827 837 886 881 V.

219 927 252 973 J
253 926 411 973 afflator
415 927 527 989 fizffl
545 929 812 976 incredibilis.

152 760 174 785 -ε

19 1000 107 1076 R
120 1051 142 1075 E
156 1051 180 1076 G
191 1052 207 1075 1
221 1051 246 1075 o
259 1052 284 1075 N
297 1053 313 1077 1
325 1052 345 1075 n
359 1051 385 1076 υ
396 1052 414 1076 s
433 1053 451 1076 e
467 1042 698 1090 longinquis'
689 1056 726 1078 m
745 1044 892 1089 patriam
906 1047 1017 1084 redux

18 1091 189 1125 Narrabat
204 1091 332 1136 aliquis
348 1091 434 1125 falsa
451 1094 585 1126 multa:
601 1095 698 1148 quod
715 1094 856 1138 quidem

18 1138 153 1173 Mirum
168 1141 259 1173 haud
275 1139 388 1173 videri
405 1141 528 1178 debev,
544 1142 676 1175 etenim
694 1143 755 1187 qui
771 1145 896 1188 procul

16 1188 148 1221 Amant
165 1189 280 1228 abire,
297 1200 376 1222 cum
392 1188 546 1229 rediere,
561 1190 611 1224 sic
627 1191 753 1226 solent.

17 1236 65 1269 At
81 1238 259 1282 quaedam
273 1238 351 1270 veri
368 1249 443 1281 quae
459 1238 590 1271 similia
602 1250 676 1272 non
690 1249 811 1281 erant,

17 1284 109 1318 Cum
123 1286 341 1325 venditaret,
357 1286 410 1325 δι,
429 1286 683 1332 quinquaginta
697 1289 804 1333 pedes

17 1333 167 1374 Latum,
186 1345 259 1367 uno
277 1335 364 1368 saltu
381 1335 554 1379 gurgitem
569 1335 606 1368 in
622 1336 804 1371 Maurusia

16 1381 161 1416 Tellure
175 1383 245 1417 sese
261 1383 484 1417 transmisiffe
501 1383 650 1426 diceret,

18 1430 177 1464 Odiosus
194 1431 261 1465 effe
278 1433 388 1476 coepit
408 1433 626 1467 audientibus
642 1459 652 1475 ,

18 1480 291 1525 Incredulosque
309 1481 456 1514 reddidit
473 1494 482 1519 ·‚
502 1483 535 1514 &
549 1493 638 1515 unus
656 1508 665 1523 ‚
682 1481 766 1517 Tibi

17 1527 128 1562 Paule>
146 1529 320 1562 minorem
336 1541 400 1570 en,
418 1531 554 1575 inquit,
568 1531 789 1566 latitudinem

17 1575 206 1610 Praescribo
222 1590 229 1611 ε
248 1577 348 1612 <siffis
365 1580 468 1612 credo
483 1605 492 1620 ,
511 1579 541 1612 si
558 1579 669 1625 ipsam
690 1581 860 1620 transilis.

67 1625 193 1660 Inscite
209 1627 418 1662 mentientes
434 1627 558 1662 fabella
574 1630 701 1676 arguit.

419 1776 615 1842 W
