1225 2367
219 68 305 116 166
374 68 531 114 ΕΑΒ.
566 65 1072 115 AESOPIARUM

208 150 284 184 Nec
298 150 394 193 plura
410 161 419 187 ·‚
435 149 610 193 simulque
625 148 838 183 evisceratos
852 150 1013 187 devorat.

260 200 345 232 Haec
362 197 544 232 inficetum
560 199 674 232 fabula
690 198 820 233 indicat
835 199 964 234 librum
978 226 989 243 ,

209 247 329 290 Quem
346 248 376 280 si
392 248 549 281 modesto
567 247 742 281 venditari
757 248 884 282 nuntio

209 296 337 330 Critici
350 297 511 330 viderent
525 322 534 338 ‚
551 296 624 330 fors
641 297 788 330 illaesum
805 297 1036 337 omitterent·‚

208 345 255 378 At
271 371 280 386 ,
296 345 327 378 si
343 347 540 390 elegantem
555 345 677 379 stultus
695 346 817 379 auctor
833 346 997 389 praedicet
1011 372 1022 389 ,

209 394 258 428 Hi
272 394 337 428 rite
354 395 547 440 expensum
564 404 669 428 acuto
684 395 882 439 discerpunt
897 393 990 430 stilo.

340 487 1065 538 εξεὲεὶξζὲὲ-τῡ-

401 587 432 631 F
473 586 513 632 A
560 586 594 631 B
640 586 686 631 U
729 587 766 631 L
809 585 848 630 A
938 588 998 634 V.

499 682 681 744 [delezia
703 681 745 728 δ’
766 683 912 728 Larix.

206 754 257 831 ἶ
271 807 296 831 N
314 797 561 841 Transpadano
578 808 724 831 nemore
740 807 853 841 nuper
868 796 999 831 exstitit

205 846 397 881 Meleziam
414 847 505 880 inter
522 848 556 880 &
569 846 728 880 Laricem
746 847 944 882 contentio.

205 895 358 930 Melezia
372 895 470 940 prior
485 908 492 929 :
510 897 614 930 Sorte
629 922 638 939 ‚
653 896 700 930 ait
714 923 724 938 ,
740 896 820 929 satis
837 895 916 929 mea

205 944 269 978 Me
286 945 449 991 gloriari,
467 946 501 978 ὅ(
517 945 583 979 effe
598 954 800 979 contentam
815 945 897 978 licet
912 956 920 979 ε

203 994 306 1038 Apud
323 1006 446 1028 omnes
461 994 593 1039 quippe
608 994 778 1039 Physicos
796 993 902 1027 nostri
916 991 1090 1037 temporis

202 1042 395 1077 Peritiores
412 1043 567 1077 nostrum
585 1044 619 1077 &
634 1054 767 1076 nomen
784 1043 818 1076 ἃ
833 1044 936 1076 decus

204 1092 428 1127 Celebramr:
444 1093 524 1125 dum
538 1102 572 1125 te
588 1092 806 1126 venditatam
822 1090 980 1131 iudicant

203 1140 424 1185 Scriptorum
441 1141 539 1174 inani
554 1151 715 1174 veterum
729 1140 933 1174 testimonio
949 1165 960 1181 ‚

202 1189 391 1235 Priscaque
408 1192 509 1224 laude
525 1190 723 1223 destitutam
737 1189 942 1233 vituperant

204 1238 328 1272 (Tritici
342 1240 490 1286 sagaces.
511 1238 644 1272 Contra
660 1239 709 1272 sic
725 1238 843 1271 retulit
858 1237 963 1271 Larix
978 1249 987 1271 :

203 1287 362 1329 Adjicere
378 1313 388 1330 ‚
405 1288 523 1329 stulta,
541 1288 706 1321 debueras
725 1313 735 1328 ‚
750 1287 857 1320 etiam
871 1287 959 1320 mihi

200 1337 275 1370 Has
290 1348 384 1371 nunc
401 1336 520 1382 negari
539 1338 639 1370 dotes
654 1362 663 1377 ‚
679 1336 751 1380 ipsa
769 1347 858 1381 quae
877 1335 971 1369 dedit

200 1386 334 1419 Natura
348 1400 355 1420 :
373 1386 499 1420 miram
513 1397 640 1429 nempe
656 1385 693 1418 in
707 1384 928 1418 altitudinem

201 1434 264 1468 Me
282 1435 419 1480 surgere
434 1460 445 1476 ,
462 1446 566 1479 quam
582 1444 620 1467 tu
633 1434 684 1467 sic
699 1433 826 1477 pusilla
841 1433 906 1466 vix
924 1442 1024 1476 potes

202 1483 388 1527 Adspicere
403 1495 413 1521 3
429 1484 589 1528 quolibet
606 1483 847 1516 intemeratam
865 1490 1025 1525 tempore

200 1532 402 1565 Consistere
416 1531 503 1565 mihi
516 1531 733 1565 viriditatem
750 1529 928 1563 frondium
943 1555 953 1572 ‚

201 1582 251 1614 Ut
267 1582 358 1614 nuda
372 1591 410 1614 tu
426 1580 563 1613 videbis
577 1606 586 1621 ‚
605 1580 705 1613 omni
717 1588 751 1612 te
767 1578 872 1612 simul

200 1630 348 1663 Honore
363 1630 492 1662 Boreas
509 1629 675 1672 ingruens
691 1627 896 1671 spoliaverit
910 1638 922 1666 ;

199 1679 249 1712 Ac
266 1678 417 1723 denique
431 1678 536 1712 nullis
550 1678 686 1722 ignium
701 1687 757 1709 me
773 1676 908 1710 viribus

197 1727 303 1761 ‘Vetti
321 1727 357 1760 in
369 1727 505 1760 favillas
520 1726 616 1771 posse
633 1752 642 1766 ‚
661 1726 756 1770 quod
775 1725 878 1758 certis
893 1722 961 1758 sibi

198 1777 334 1810 Novam
349 1775 416 1810 esse
436 1776 626 1820 multisque
641 1773 893 1818 experimentis
910 1783 1034 1819 graves

198 1825 242 1857 Et
258 1825 384 1859 eruditi
399 1826 595 1859 docuerunt
608 1823 695 1857 olim
711 1822 795 1856 viri.

198 1873 296 1919 Quid
307 1875 407 1923 plura
420 1876 435 1910 ἓ
449 1875 552 1910 debes
568 1875 627 1908 vel
643 1872 714 1908 tuis
730 1870 952 1917 praeconibus
