1225 2367
190 121 276 164 140
330 104 781 148 FABULARUM
819 99 1072 146 L13.VI.

193 201 218 224 ¹ss

326 265 686 313 FABULA
765 265 1027 313 XXIX.

251 365 381 410 Canis
416 378 573 408 mutare
616 363 894 408 conditionem
934 362 1108 408 coafflus.

208 445 226 472 [x

182 436 273 515 ἐξ,
287 488 306 511 L
318 488 332 511 1
346 487 369 517 Q
381 487 409 511 U
423 487 447 510 ο
460 487 484 510 τ
508 489 571 522 per
586 488 699 511 annos
715 476 856 511 vixerat
874 477 979 511 Canis
995 477 1117 522 domi,
1155 497 1159 501 -
1176 500 1178 502 v

183 528 220 560 Si
237 539 309 560 non
325 526 428 571 plan'e
445 526 580 560 otiosus
592 553 600 567 ,
619 537 653 559 at
668 526 860 560 levissimis

182 576 324 609 Mutare
341 576 464 609 solitus
483 576 599 609 otium
614 576 795 609 laboribus
813 587 823 613 ·‚

182 624 454 668 Profeceratque
470 635 544 657 non
558 624 684 668 ineptis
699 625 836 657 lusibus
850 650 860 665 ‚
1112 659 1115 661 ,

182 673 365 706 Familiam
382 684 420 705 ut
435 684 578 706 omnem
595 673 806 712 benevolam
821 672 887 706 sibi
908 673 1063 707 redderet
1079 684 1090 708 z

182 722 251 754 Sed
266 723 369 754 herus
387 722 429 754 ab
446 722 508 754 illo
525 720 620 765 posse
638 721 716 754 cum
734 722 844 766 magis
857 721 980 755 utilem

182 770 342 814 Operam
359 769 431 802 dari
447 770 656 814 intelligeret
667 796 676 810 ‚
692 769 808 814 ipsum
823 769 957 814 praefici

182 818 420 852 Custodieudo
434 818 552 851 voluit
569 829 740 863 agnorum
756 818 865 864 gregi.

183 867 474 911 Obtemperavit,
493 878 526 900 at
542 867 738 911 perinvitus
754 893 763 907 ‚
784 867 890 900 Canis
905 893 915 908 ,

183 917 378 960 Talemque
395 915 512 949 obivit
528 915 715 949 tristiculus
732 916 971 960 provinciam.

183 963 326 1010 AEgram
344 964 510 998 videlicet
525 965 610 998 huic
626 965 819 998 molestiam
837 975 931 998 creat

185 1013 361 1047 Pecudum
379 1013 536 1057 inquieta
551 1014 819 1047 ludibundarum
836 1013 972 1047 indoles
989 1038 1001 1055 ,

186 1062 369 1106 Simulque
386 1073 504 1095 earum
522 1062 674 1095 maxima
691 1062 925 1095 imbecillitas.

184 1109 401 1143 Procedente
419 1121 536 1143 tamen
552 1121 711 1154 tempore
726 1137 735 1150 ‚
751 1120 789 1143 ut
805 1110 1043 1145 blandissimae

185 1159 460 1203 Mitissimaeque
477 1159 590 1204 gentis
608 1158 849 1192 innocentiam
864 1185 874 1199 ‚

185 1207 407 1252 Modumque
423 1208 506 1240 vitae
523 1208 723 1251 simplicem
740 1207 951 1252 exquisitius

187 1258 370 1301 Cognovit
386 1283 394 1296 ,
411 1256 502 1289 hanc
519 1257 652 1289 amavit
667 1269 676 1293 3
693 1257 726 1289 &
739 1268 865 1290 munus
883 1257 984 1290 suum

185 1305 322 1348 Incepit
338 1305 453 1349 aliqua
469 1316 548 1338 cum
563 1306 748 1349 voluptate
762 1305 920 1350 exsequi.

237 1354 335 1397 Sche
353 1354 401 1387 ibi
418 1355 582 1398 voluptas
593 1380 602 1394 ,
618 1354 679 1387 ubi
696 1354 886 1387 necessitas
902 1353 991 1396 fuir,

187 1402 359 1437 Paulatim
376 1403 416 1437 ab
434 1402 507 1447 ipsa
525 1402 676 1437 nascitur
693 1402 917 1439 assuetudine.

581 1603 769 1764 “l
