1313 2367
267 154 326 201 26
426 156 573 199 ΓΑΒ.
606 154 1097 202 AESOPIARUM

267 234 1234 281 e-——ssaae-azffissnae-——5

476 321 507 365 F
548 321 588 365 A
630 320 663 366 B
707 322 751 366 U
793 322 829 366 L
869 324 910 367 A
1003 324 1038 368 Ι.

543 416 694 460 Malus
722 417 968 477 exspoliata.

262 484 348 565 (Z)
358 539 383 562 N
395 538 421 562 U
434 538 450 562 5
462 538 486 562 τ
499 538 525 562 Α
543 529 701 574 pulchris
713 556 723 571 ‚
739 530 958 576 optimisque
973 531 1147 568 fructibus

255 578 489 622 Superbiebat
505 579 624 612 Malus
641 592 649 613 ε
667 590 748 612 nam
765 580 926 624 quotidie
1198 590 1201 592 ·

252 627 307 659 Ad
323 627 434 671 ipsam
449 627 572 661 herilis
588 628 787 662 ventitabat
802 628 936 662 familia
947 655 957 670 ‚

254 675 368 709 Modo
386 676 456 708 hoc
469 702 477 716 ‚
492 675 600 710 modo
619 676 706 709 illud
722 688 869 721 pomum
880 704 889 718 ,
905 678 962 711 cui
978 677 1163 713 maturitas

252 724 410 758 Pretium
427 723 606 758 addidiffet
616 750 626 766 ,
639 725 849 769 decerpendi
864 726 988 771 gratia.

251 772 313 806 Sic
330 773 390 806 illa
408 773 543 807 amicos
560 774 675 807 facere
691 774 792 807 stulta
810 775 956 808 credidit
972 787 980 808 :

250 821 298 854 At
309 847 318 862 ‚
333 831 459 866 praeter
475 822 561 855 folia
572 848 581 863 ‚
597 822 782 867 postquam
798 823 848 855 nil
865 823 1037 868 superfuit
1050 849 1061 866 ,

250 870 381 903 Eadem
397 870 540 915 repente
557 871 627 904 sese
645 871 815 904 desertam
831 871 954 905 videns
971 885 979 905 :

251 918 335 951 Heu
351 922 357 953 !
377 919 490 952 fuerat
501 945 510 960 ‚
525 919 661 964 inquit,
677 920 781 953 diviti
798 922 916 954 nullus
934 921 1022 954 mihi

250 967 398 1002 Amicus
410 994 419 1009 ‚
435 969 606 1013 quoniam
623 970 741 1002 nunus
758 968 804 1003 est
821 980 915 1002 nunc
931 969 1092 1014 pauperi.

383 1046 856 1093 <fflfflssa

455 1133 859 1179 FABULA
955 1135 1042 1179 II.

506 1230 660 1274 Cervus
680 1229 718 1272 δ’
736 1227 994 1274 Hinnuleus.

1090 1060 1114 1086 J·

250 1302 357 1380 Ἔΐυ
376 1344 523 1379 canibus
539 1344 634 1377 mole
649 1342 860 1388 viribusque
878 1341 1039 1388 corporis

251 1395 377 1441 Longe
395 1406 430 1428 es
448 1392 627 1438 superior,
643 1391 734 1426 dixit
750 1392 950 1425 Hinnuleus
966 1391 1081 1436 patri3

250 1444 437 1488 Etiamque
454 1453 579 1488 magna
597 1451 729 1475 cornua
745 1440 783 1473 in
800 1440 914 1485 capite
928 1441 1020 1486 geris
1031 1466 1041 1481 ‚

251 1493 392 1535 Quibus
409 1491 602 1525 terribilem
619 1500 742 1534 capere
758 1489 951 1522 vindi-stam
967 1500 1074 1533 queas
1090 1501 1101 1529 3

251 1541 448 1574 Timendus
465 1551 548 1585 ergo
564 1537 684 1584 potius
696 1564 706 1578 ‚
718 1538 784 1571 hos
802 1548 910 1582 quare
926 1537 1031 1570 times
1045 1540 1058 1571 .>

251 1591 297 1623 At
313 1590 372 1623 ille
386 1602 394 1622 z
410 1589 507 1631 Quid
524 1599 564 1621 ea
580 1596 755 1620 memoras
767 1612 776 1626 ‚
791 1597 943 1631 quorum
959 1597 1015 1619 me
1031 1587 1137 1630 pudet
1149 1587 1166 1622 ἓ

251 1640 385 1683 Fugere
397 1649 466 1682 ego
485 1636 580 1670 certe
598 1635 710 1669 nolim
725 1660 733 1675 ‚
751 1646 816 1668 nec
832 1634 969 1679 poffum
984 1645 1102 1668 tamen

252 1688 336 1720 Non
351 1687 470 1731 fugere
483 1712 490 1723 ,
508 1685 613 1717 simul
631 1683 751 1717 audivi
766 1685 910 1716 latratus
929 1694 1067 1717 canum.

301 1735 435 1769 Frustra
451 1733 651 1767 excitantur
662 1759 670 1773 ,
686 1732 745 1777 qui
762 1742 892 1776 pavent
907 1744 913 1765 ε
933 1743 1039 1776 quem
1055 1730 1199 1766 finxerit

250 1784 386 1817 Natura
401 1782 564 1816 timidum
576 1808 584 1822 ‚
598 1780 688 1814 ratio
705 1782 801 1814 nulla
818 1780 974 1826 corrigit.

252 1833 331 1865 Tua
346 1842 463 1864 tamen
475 1857 483 1871 ‚
497 1830 622 1864 1..εᾶοτ
633 1856 642 1870 ,
659 1830 688 1862 si
704 1831 842 1863 laboras
858 1830 928 1862 hoc
945 1831 1038 1862 malo
1050 1854 1061 1870 ,

253 1882 335 1915 Fata
352 1890 390 1914 ut
405 1881 548 1926 sequare
560 1905 569 1921 ,
582 1879 699 1913 fabula
714 1878 862 1924 sequens
880 1878 1056 1913 admonet.
