1268 2361
162 132 334 177 LIBER
361 142 623 178 DECIMUS
658 144 932 188 QUINTUS.
971 146 1061 198 375

71 214 315 249 Coxendicem
330 214 486 248 debilitet
496 241 504 254 ‚
522 214 710 258 respiciens
724 214 810 248 nihil
823 241 833 256 ,

70 263 165 297 Saevi
182 273 357 297 tumorem
374 263 526 308 pestoris
543 265 624 296 dum
638 263 809 298 vindicet.

69 309 256 356 Postquam
271 313 396 346 resedit
412 313 462 346 ira
477 339 485 353 ‚
503 311 708 357 prostratam
724 312 800 346 solo

68 359 204 394 Videns
223 362 421 406 Capellam,
439 361 572 402 doluit,
587 361 712 399 flevit3
730 362 890 406 quaesiit,

67 407 167 442 Malo
182 411 312 443 mederi
329 411 359 444 si
376 411 443 455 qua
457 410 570 454 posset
585 424 593 443 ε
607 411 807 456 languidam

66 456 180 491 Manu
193 459 326 503 recepit
341 461 464 493 blanda
476 485 485 500 ,
499 459 592 493 fovit
605 459 642 493 in
655 460 736 493 sinu
751 472 761 497 3

64 504 281 552 Timensque
296 519 339 541 ne
356 520 409 542 res
421 534 430 549 ,
447 518 532 542 nota
547 509 626 542 cum
642 509 750 542 fuerit
762 508 880 551 domi,

64 553 269 590 Vindictam
284 557 430 591 herilem
448 558 613 592 susc1tet:
632 558 741 591 Vides
753 584 760 598 ,
779 558 849 599 ait,

64 602 128 636 Me
143 605 378 649 poenitentem
395 606 530 648 injuriae
542 633 551 647 ,
567 607 634 651 qua
653 617 686 640 te
703 607 821 640 furens

63 651 194 686 Affecit
209 654 360 699 impetus
378 667 386 688 2
401 666 545 696 omnes,
562 654 661 697 juro,
675 655 898 700 postmodum

62 701 245 736 Adhibebo
265 714 381 743 curas,
401 714 440 737 ut
456 705 586 737 malum
603 706 774 737 deleniam
795 717 802 737 τ

61 750 165 783 Nunc
182 761 215 784 te
229 763 295 785 oro
308 778 315 793 ,
328 751 442 786 noster
455 753 535 786 cnm
551 763 692 798 gregem
709 762 824 785 totum
841 779 848 792 ‚
867 762 907 785 ux
919 753 1008 787 solet
1022 759 1041 796 ζ,

62 798 269 833 Recensebit
283 801 388 835 herus
400 828 408 840 ‚
426 812 469 834 ne
487 813 622 845 gemas,
642 812 684 834 ne
702 813 757 834 me
774 802 919 837 indices.

62 846 171 881 Pecus
188 849 321 882 misella
338 850 457 883 retulit
474 863 481 883 :
502 851 581 884 Heu
599 854 604 884 !
623 860 756 883 taceam
770 850 853 884 licet
868 877 878 892 ‚

60 895 144 930 Mea
159 898 232 930 haec
247 899 454 942 loquentur,
477 899 511 932 ὅ(
525 909 670 944 arguent
686 909 720 933 te
736 901 896 933 vulnera.

108 945 241 980 Frustra
254 947 376 981 siletur
391 947 524 981 facinus
535 973 545 990 ,
561 949 620 982 ubi
633 949 798 982 damnum
815 958 924 993 patet.

100 1005 114 1013 a

191 1037 918 1084 43————————·311‘›“‘=—-—“-——-—-3'

210 1124 570 1170 FABULA
637 1124 902 1172 XX111.

380 1222 463 1265 Sus
494 1219 536 1266 δ’
565 1223 732 1281 Equus.

62 1291 113 1368 S
125 1343 150 1367 u
163 1343 180 1367 s
198 1334 234 1367 in
251 1335 440 1368 volutabro
457 1334 697 1379 acquiescebat
712 1336 805 1369 satur
821 1361 832 1378 ,

54 1382 316 1428 Infamibusque
333 1384 488 1425 deliciis,
506 1394 602 1418 totus
619 1386 696 1418 luto

54 1430 270 1475 conspersus
287 1432 490 1473 immundo,
508 1433 688 1467 incubabat
705 1433 854 1479 segniter
866 1445 882 1473 3

55 1479 145 1512 Csun
161 1481 251 1514 fort'e
267 1481 358 1514 vidit
374 1482 495 1514 martis
512 1484 553 1515 ad
566 1482 722 1526 pericula

54 1527 136 1561 Rite
153 1539 355 1572 apparatum
372 1530 584 1574 sonipedem
602 1532 789 1575 procedere
806 1544 817 1564 ε

55 1577 280 1621 Contempsit
295 1591 305 1616 ·,
322 1590 362 1612 ac
378 1584 570 1613 tumentem
585 1580 680 1613 inani
694 1581 807 1625 gloria

53 1625 208 1666 Derisit,
224 1637 262 1659 ut
276 1626 336 1671 qui
353 1639 523 1672 quaereret
539 1639 668 1662 certam
685 1640 807 1662 necem

54 1674 171 1707 Tanto
187 1685 363 1718 apparatu.
388 1676 556 1720 Properat
573 1676 683 1711 nihilo
701 1678 809 1710 secius
821 1703 831 1719 ‚

51 1721 95 1754 Et
112 1723 224 1756 media
239 1723 387 1767 Sonipes
405 1736 491 1758 mox
505 1725 541 1758 in
555 1737 648 1759 arma
665 1726 699 1759 se
712 1726 816 1759 ferox

51 1769 163 1803 Infert
173 1797 183 1812 ‚
201 1772 234 1804 &
248 1782 360 1816 aequat
374 1798 382 1814 ‚
396 1775 455 1807 vel
472 1774 577 1807 etiam
592 1775 728 1817 superat
745 1774 797 1807 sui

54 1819 222 1852 Dufmris
237 1820 373 1854 animos
388 1833 395 1854 :
413 1821 548 1866 aliquot
564 1823 708 1870 afficitur
722 1822 865 1866 quidem

53 1867 286 1909 Vulneribuc‚
305 1878 338 1902 at
353 1880 428 1913 quae
444 1869 545 1903 facile
562 1870 675 1903 sanari
688 1879 820 1914 queant
832 1882 845 1908 ·,

52 1915 278 1962 Demumque
293 1917 413 1952 herilis
430 1918 547 1964 gloria
561 1918 759 1953 certaminis
775 1944 786 1961 ,
