1225 2367
183 102 277 152 294
344 91 496 134 ΕΑΒ.
528 90 1009 135 AESOPIARUM

180 171 337 215 Inspicio
349 198 358 213 ‚
374 171 474 206 vitiis
493 171 545 215 (si
560 172 649 206 vitia
666 172 766 216 sunt)
787 172 824 205 in
840 173 927 206 meis

181 220 314 254 Defixa
331 220 429 255 tanto
447 221 689 254 contumac.1'15
706 222 835 255 haereo.

181 269 273 302 Nam
289 269 368 313 quis
384 279 479 302 tuam
497 269 593 303 istam
605 296 612 310 ,
631 280 756 314 praeter
769 281 878 303 unum
894 279 928 303 te
940 296 949 312 ,
961 270 1050 305 ferat

183 318 396 360 Spurcitiarn
414 321 427 353 ἓ
447 319 524 362 quis
541 330 615 351 non
631 330 648 351 a
663 319 732 351 tuis
751 319 935 351 abhorreat

181 366 347 400 Moribus
362 393 369 406 ,
386 367 422 399 in
439 368 515 411 ipso
531 367 590 411 qui
604 367 670 400 tibi
686 368 891 411 persuadent
903 369 980 400 luto

182 414 282 448 Posse
299 415 453 448 inveniri
469 415 610 449 delicias
626 417 640 450 ἓ
654 427 688 449 te
707 415 855 449 fetidum
869 442 878 458 ,

182 464 424 508 Spurcumque
442 475 557 498 toturn
575 476 648 498 non
664 465 761 498 vides
776 467 788 499 ?
804 476 877 498 non
893 463 1040 499 olfacis?

181 512 242 545 Nil
256 514 324 546 tale
341 512 454 546 sentio
470 539 478 554 ‚
498 513 614 558 inquis
629 526 638 551 ·‚
658 514 691 547 ὅ(
707 514 787 547 ideo
803 525 920 558 negas.

183 560 281 602 Quid
295 571 370 595 tum
384 588 393 603 ‚
409 562 436 595 si
452 563 564 596 olenti
581 573 653 595 non
670 564 767 596 olent
781 563 898 596 sordes
914 562 982 596 suae
997 565 1011 597 Ξ

181 609 336 644 Decoris
354 610 538 652 adjuvandi
556 610 704 644 studium
720 611 822 645 futile
834 637 843 652 ‚

183 658 454 692 simulationem
468 686 476 701 ‚
496 660 756 704 vanitatemque
774 660 963 704 exprobras
980 671 991 697 3

182 707 225 739 Et
243 718 296 740 me
315 708 471 751 desipere
487 709 572 741 dicis
589 722 597 746 ·,
615 709 648 741 &
666 708 870 752 sapientiam

182 756 324 789 Docere
341 756 396 789 vis
412 769 420 795 ·‚
438 756 594 801 mihique
608 767 641 790 te
658 757 771 800 ipsum
786 757 936 801 denique

181 804 395 837 Imitandum
414 807 593 849 exemplar
608 805 830 849 impudenter
844 804 970 845 objicis
983 817 996 838 τ

181 852 251 886 Abi
267 864 352 897 ergo
362 879 373 895 ,
388 865 536 897 propera
553 856 594 887 ad
609 855 770 887 balneum
784 866 793 892 ·,
812 853 962 887 multum
977 855 1057 887 lava

182 901 294 946 Purga
306 928 314 941 ,
332 913 477 947 repurga
491 929 500 943 ‚
517 904 594 936 rade
610 929 618 943 ‚
638 913 733 947 terge
744 929 752 942 ‚
771 902 909 947 pei-poli
923 915 930 935 :

184 949 371 993 Postquam
389 951 590 984 decentibus
609 952 641 984 ὅ(
658 951 822 984 modestis
839 950 998 984 moribus

184 999 341 1032 Tandem
359 998 546 1032 institueris
563 1000 685 1032 vivere
697 1026 705 1040 ‚
725 1000 758 1032 ὃς
774 999 871 1032 istam
890 997 1011 1032 sedulo

183 1047 464 1080 Abominandam
479 1048 675 1081 foedizatem
691 1048 845 1095 abegeris
858 1072 869 1088 ‚

187 1095 224 1128 Si
241 1095 355 1128 rursus
373 1096 508 1129 erudire
522 1108 577 1129 me
594 1096 740 1129 monitis
757 1098 859 1130 voles
871 1122 881 1138 ,

184 1143 338 1177 Reverte
355 1156 363 1177 :
381 1145 498 1178 forsan
514 1155 598 1178 tunc
614 1145 701 1177 mihi
717 1144 823 1178 facies
840 1143 959 1180 fidem.

234 1193 275 1225 In
291 1192 370 1226 aliis
385 1193 474 1226 vitia
492 1194 685 1237 quamlibet
700 1193 785 1226 ver‘e
801 1204 924 1238 arguas
939 1218 949 1234 ,

185 1241 373 1277 Contraria
388 1241 426 1277 in
440 1251 475 1275 te
491 1242 521 1275 si
537 1252 722 1290 arguantur
735 1267 745 1284 ,
762 1241 811 1274 nil
827 1241 914 1286 agis-

280 1369 284 1372 .
307 1331 1042 1379 effi3ffi‡fflv-

336 1420 717 1465 FABULA
783 1417 1030 1464 XXXI.

299 1518 383 1560 Leo
413 1550 428 1574 ,
452 1516 578 1573 filius
611 1513 699 1572 ejus
724 1549 738 1571 ,
783 1512 826 1559 ὃ*
865 1516 1067 1559 Venator.

187 1586 264 1663 L
278 1638 300 1663 Ε
313 1638 339 1662 ο
362 1629 441 1662 cum
457 1628 586 1670 iaceret
603 1641 711 1684 aeger,
727 1629 760 1662 ὅ(
775 1629 876 1662 valde
893 1628 1020 1670 senex,

189 1678 270 1712 Sese
287 1678 462 1711 intellexit
478 1677 544 1711 effe
562 1679 670 1711 morti
686 1677 902 1721 proximum.

189 1729 362 1761 Accedere
381 1726 487 1772 igitur
500 1726 613 1759 filium
629 1728 791 1760 heredem
807 1727 906 1759 suum

188 1776 320 1814 Jussit·‚
333 1777 386 1817 &,
397 1776 599 1809 Extremum
609 1776 689 1816 hoc,
700 1775 826 1819 inquit,
837 1774 895 1814 est,
906 1774 1046 1819 quodte
1057 1778 1181 1808 monet

189 1825 312 1859 Pater.
327 1834 513 1869 paternum
527 1835 658 1858 nomen
676 1825 708 1857 &
723 1823 858 1856 avitum
874 1824 975 1857 decus
1212 1867 1215 1870 Δ

190 1873 381 1908 Metuenda
397 1873 478 1908 sane
494 1873 626 1908 virium
639 1871 858 1918 praestantia,
1199 1889 1225 1925 »3
