<?xml version="1.0" encoding="UTF-8"?>
<!DOCTYPE html PUBLIC "-//W3C//DTD XHTML 1.0 Transitional//EN"
    "http://www.w3.org/TR/xhtml1/DTD/xhtml1-transitional.dtd">
<html xmlns="http://www.w3.org/1999/xhtml" xml:lang="en" lang="en">
 <head>
  <title>
</title>
<meta http-equiv="Content-Type" content="text/html;charset=utf-8" />
  <meta name='ocr-system' content='tesseract 3.04.00' />
  <meta name='ocr-capabilities' content='ocr_page ocr_carea ocr_par ocr_line ocrx_word'/>
</head>
<body>
  <div class='ocr_page' id='page_1' title='image "./fabulaeaesopiaec00desbuoft_0432.png"; bbox 0 0 1225 2367; ppageno 0'>
   <div class='ocr_carea' id='block_1_1' title="bbox 137 143 955 204">
    <p class='ocr_par' dir='ltr' id='par_1_1' title="bbox 137 143 955 204">
     <span class='ocr_line' id='line_1_1' title="bbox 137 143 955 204; baseline 0.001 -14"><span class='ocrx_word' id='word_1_1' title='bbox 137 143 224 204; x_wconf 73' lang='lat'>388</span> <span class='ocrx_word' id='word_1_2' title='bbox 295 145 446 189; x_wconf 71' lang='grc' dir='ltr'><em>ΕΑΒ.</em></span> <span class='ocrx_word' id='word_1_3' title='bbox 481 145 955 191; x_wconf 76' lang='lat' dir='ltr'><em>AESOPIARUM</em></span> 
     </span>
    </p>
   </div>
   <div class='ocr_carea' id='block_1_2' title="bbox 409 225 1115 271">
    <p class='ocr_par' dir='ltr' id='par_1_2' title="bbox 409 225 1115 271">
     <span class='ocr_line' id='line_1_2' title="bbox 409 225 1115 271; baseline 0.01 -15"><span class='ocrx_word' id='word_1_4' title='bbox 409 225 1115 271; x_wconf 44' lang='grc' dir='ltr'>ᾕ-ᾓῧὲ-ά-έ--τ-Ξξῦ</span> 
     </span>
    </p>
   </div>
   <div class='ocr_carea' id='block_1_3' title="bbox 265 308 989 465">
    <p class='ocr_par' dir='ltr' id='par_1_3' title="bbox 265 308 989 465">
     <span class='ocr_line' id='line_1_3' title="bbox 265 308 989 358; baseline 0.007 -5"><span class='ocrx_word' id='word_1_5' title='bbox 265 309 591 354; x_wconf 82' lang='lat' dir='ltr'>FABULA</span> <span class='ocrx_word' id='word_1_6' title='bbox 659 308 989 358; x_wconf 82' lang='lat' dir='ltr'><strong>XXXVII.</strong></span> 
     </span>
     <span class='ocr_line' id='line_1_4' title="bbox 426 398 822 465; baseline 0.005 -16"><span class='ocrx_word' id='word_1_7' title='bbox 426 406 555 449; x_wconf 79' lang='lat' dir='ltr'>Miles</span> <span class='ocrx_word' id='word_1_8' title='bbox 588 398 630 451; x_wconf 73' lang='grc'>6·</span> <span class='ocrx_word' id='word_1_9' title='bbox 655 407 822 465; x_wconf 83' lang='lat' dir='ltr'><em>Equus.</em></span> 
     </span>
    </p>
   </div>
   <div class='ocr_carea' id='block_1_4' title="bbox 126 475 1106 1195">
    <p class='ocr_par' dir='ltr' id='par_1_4' title="bbox 134 475 1106 566">
     <span class='ocr_line' id='line_1_5' title="bbox 134 475 1106 566; baseline 0.001 -12"><span class='ocrx_word' id='word_1_10' title='bbox 134 475 454 554; x_wconf 57' lang='lat' dir='ltr'>&amp;ENEROSUM</span> <span class='ocrx_word' id='word_1_11' title='bbox 471 519 617 553; x_wconf 78' lang='lat' dir='ltr'>habebat</span> <span class='ocrx_word' id='word_1_12' title='bbox 632 519 738 553; x_wconf 87' lang='lat' dir='ltr'>Miles</span> <span class='ocrx_word' id='word_1_13' title='bbox 749 545 758 561; x_wconf 86' lang='lat'>‚</span> <span class='ocrx_word' id='word_1_14' title='bbox 778 520 811 553; x_wconf 89' lang='lat'>&amp;</span> <span class='ocrx_word' id='word_1_15' title='bbox 828 519 955 564; x_wconf 84' lang='lat' dir='ltr'>apertis</span> <span class='ocrx_word' id='word_1_16' title='bbox 970 521 1106 566; x_wconf 89' lang='lat' dir='ltr'>Equum</span> 
     </span>
    </p>

    <p class='ocr_par' dir='ltr' id='par_1_5' title="bbox 130 568 868 612">
     <span class='ocr_line' id='line_1_6' title="bbox 130 568 868 612; baseline 0.003 -12"><span class='ocrx_word' id='word_1_17' title='bbox 130 568 203 610; x_wconf 81' lang='lat' dir='ltr'>Qui</span> <span class='ocrx_word' id='word_1_18' title='bbox 219 568 340 600; x_wconf 78' lang='lat' dir='ltr'>martis</span> <span class='ocrx_word' id='word_1_19' title='bbox 354 569 448 601; x_wconf 87' lang='lat' dir='ltr'>ultro</span> <span class='ocrx_word' id='word_1_20' title='bbox 466 578 664 602; x_wconf 86' lang='lat' dir='ltr'>occurreret</span> <span class='ocrx_word' id='word_1_21' title='bbox 679 569 842 612; x_wconf 86' lang='lat' dir='ltr'>periculis</span> <span class='ocrx_word' id='word_1_22' title='bbox 858 595 868 610; x_wconf 92' lang='lat'>‚</span> 
     </span>
    </p>

    <p class='ocr_par' dir='ltr' id='par_1_6' title="bbox 127 615 821 661">
     <span class='ocr_line' id='line_1_7' title="bbox 127 615 821 661; baseline 0.003 -13"><span class='ocrx_word' id='word_1_23' title='bbox 127 617 324 660; x_wconf 71' lang='lat' dir='ltr'>fidumque</span> <span class='ocrx_word' id='word_1_24' title='bbox 337 615 438 657; x_wconf 47' lang='lat' dir='ltr'>jactis</span> <span class='ocrx_word' id='word_1_25' title='bbox 452 616 604 650; x_wconf 85' lang='lat' dir='ltr'>hostium</span> <span class='ocrx_word' id='word_1_26' title='bbox 620 617 700 651; x_wconf 84' lang='lat' dir='ltr'>telis</span> <span class='ocrx_word' id='word_1_27' title='bbox 717 628 821 661; x_wconf 82' lang='lat' dir='ltr'>caput</span> 
     </span>
    </p>

    <p class='ocr_par' dir='ltr' id='par_1_7' title="bbox 126 664 854 710">
     <span class='ocr_line' id='line_1_8' title="bbox 126 664 854 710; baseline 0.001 -13"><span class='ocrx_word' id='word_1_28' title='bbox 126 664 283 709; x_wconf 73' lang='lat' dir='ltr'>Erigeret</span> <span class='ocrx_word' id='word_1_29' title='bbox 294 691 303 707; x_wconf 91' lang='lat'>‚</span> <span class='ocrx_word' id='word_1_30' title='bbox 321 665 532 709; x_wconf 73' lang='lat' dir='ltr'>intercipere</span> <span class='ocrx_word' id='word_1_31' title='bbox 547 667 694 699; x_wconf 83' lang='lat' dir='ltr'>vulnera</span> <span class='ocrx_word' id='word_1_32' title='bbox 708 666 854 710; x_wconf 79' lang='lat' dir='ltr'>gestiens</span> 
     </span>
    </p>

    <p class='ocr_par' dir='ltr' id='par_1_8' title="bbox 128 714 1085 758">
     <span class='ocr_line' id='line_1_9' title="bbox 128 714 1085 758; baseline 0.004 -12"><span class='ocrx_word' id='word_1_33' title='bbox 128 714 392 758; x_wconf 63' lang='lat' dir='ltr'>Quecumque‚</span> <span class='ocrx_word' id='word_1_34' title='bbox 412 714 595 746; x_wconf 87' lang='lat' dir='ltr'>dominum</span> <span class='ocrx_word' id='word_1_35' title='bbox 610 724 647 746; x_wconf 91' lang='lat' dir='ltr'>ut</span> <span class='ocrx_word' id='word_1_36' title='bbox 665 714 877 748; x_wconf 84' lang='lat' dir='ltr'>incolumem</span> <span class='ocrx_word' id='word_1_37' title='bbox 895 715 1085 751; x_wconf 87' lang='lat' dir='ltr'>reduceret.</span> 
     </span>
    </p>

    <p class='ocr_par' dir='ltr' id='par_1_9' title="bbox 129 762 962 807">
     <span class='ocr_line' id='line_1_10' title="bbox 129 762 962 807; baseline 0.002 -12"><span class='ocrx_word' id='word_1_38' title='bbox 129 762 224 795; x_wconf 85' lang='lat' dir='ltr'>Hinc</span> <span class='ocrx_word' id='word_1_39' title='bbox 242 763 301 795; x_wconf 83' lang='lat' dir='ltr'>ille</span> <span class='ocrx_word' id='word_1_40' title='bbox 322 763 437 795; x_wconf 86' lang='lat' dir='ltr'>secum</span> <span class='ocrx_word' id='word_1_41' title='bbox 453 762 580 795; x_wconf 77' lang='lat' dir='ltr'>tacitus</span> <span class='ocrx_word' id='word_1_42' title='bbox 595 775 603 795; x_wconf 90' lang='lat'>:</span> <span class='ocrx_word' id='word_1_43' title='bbox 621 763 662 794; x_wconf 85' lang='lat' dir='ltr'>Et</span> <span class='ocrx_word' id='word_1_44' title='bbox 678 763 798 795; x_wconf 87' lang='lat' dir='ltr'>multis</span> <span class='ocrx_word' id='word_1_45' title='bbox 821 763 962 807; x_wconf 88' lang='lat' dir='ltr'>quidem</span> 
     </span>
    </p>

    <p class='ocr_par' dir='ltr' id='par_1_10' title="bbox 128 810 851 854">
     <span class='ocr_line' id='line_1_11' title="bbox 128 810 851 854; baseline 0.003 -12"><span class='ocrx_word' id='word_1_46' title='bbox 128 811 171 843; x_wconf 85' lang='lat' dir='ltr'>Et</span> <span class='ocrx_word' id='word_1_47' title='bbox 188 810 351 854; x_wconf 76' lang='lat' dir='ltr'>gravibus</span> <span class='ocrx_word' id='word_1_48' title='bbox 363 836 372 850; x_wconf 87' lang='lat'>‚</span> <span class='ocrx_word' id='word_1_49' title='bbox 389 810 455 851; x_wconf 81' lang='lat' dir='ltr'>ait,</span> <span class='ocrx_word' id='word_1_50' title='bbox 470 821 638 843; x_wconf 84' lang='lat' dir='ltr'>exerceor</span> <span class='ocrx_word' id='word_1_51' title='bbox 654 811 829 844; x_wconf 77' lang='lat' dir='ltr'>laboribus</span> <span class='ocrx_word' id='word_1_52' title='bbox 843 824 851 844; x_wconf 90' lang='lat'>:</span> 
     </span>
    </p>

    <p class='ocr_par' dir='ltr' id='par_1_11' title="bbox 128 858 879 903">
     <span class='ocr_line' id='line_1_12' title="bbox 128 858 879 903; baseline 0.003 -12"><span class='ocrx_word' id='word_1_53' title='bbox 128 859 175 891; x_wconf 88' lang='lat' dir='ltr'>At</span> <span class='ocrx_word' id='word_1_54' title='bbox 188 858 297 892; x_wconf 58' lang='lat' dir='ltr'>factus</span> <span class='ocrx_word' id='word_1_55' title='bbox 311 859 411 892; x_wconf 87' lang='lat' dir='ltr'>fuero</span> <span class='ocrx_word' id='word_1_56' title='bbox 426 859 503 892; x_wconf 77' lang='lat' dir='ltr'>cum</span> <span class='ocrx_word' id='word_1_57' title='bbox 518 859 634 891; x_wconf 89' lang='lat' dir='ltr'>senior</span> <span class='ocrx_word' id='word_1_58' title='bbox 644 885 653 899; x_wconf 88' lang='lat'>,</span> <span class='ocrx_word' id='word_1_59' title='bbox 669 859 771 903; x_wconf 51' lang='lat' dir='ltr'>dign&amp;</span> <span class='ocrx_word' id='word_1_60' title='bbox 785 860 879 893; x_wconf 81' lang='lat' dir='ltr'>fruar</span> 
     </span>
    </p>

    <p class='ocr_par' dir='ltr' id='par_1_12' title="bbox 128 907 992 952">
     <span class='ocr_line' id='line_1_13' title="bbox 128 907 992 952; baseline 0.002 -12"><span class='ocrx_word' id='word_1_61' title='bbox 128 907 295 941; x_wconf 79' lang='lat' dir='ltr'>Mercede</span> <span class='ocrx_word' id='word_1_62' title='bbox 310 919 320 945; x_wconf 91' lang='lat'>·,</span> <span class='ocrx_word' id='word_1_63' title='bbox 335 907 569 952; x_wconf 85' lang='lat' dir='ltr'>dominusque</span> <span class='ocrx_word' id='word_1_64' title='bbox 586 907 839 941; x_wconf 79' lang='lat' dir='ltr'>beneficiorum</span> <span class='ocrx_word' id='word_1_65' title='bbox 854 919 992 942; x_wconf 86' lang='lat' dir='ltr'>memor</span> 
     </span>
    </p>

    <p class='ocr_par' dir='ltr' id='par_1_13' title="bbox 129 955 808 1000">
     <span class='ocr_line' id='line_1_14' title="bbox 129 955 808 1000; baseline 0 -11"><span class='ocrx_word' id='word_1_66' title='bbox 129 956 239 989; x_wconf 86' lang='lat' dir='ltr'>Dulci</span> <span class='ocrx_word' id='word_1_67' title='bbox 255 955 387 996; x_wconf 75' lang='lat' dir='ltr'>&#39;jubebit</span> <span class='ocrx_word' id='word_1_68' title='bbox 402 967 457 989; x_wconf 88' lang='lat' dir='ltr'>me</span> <span class='ocrx_word' id='word_1_69' title='bbox 475 956 650 1000; x_wconf 75' lang='lat' dir='ltr'>quiescere</span> <span class='ocrx_word' id='word_1_70' title='bbox 666 956 702 989; x_wconf 89' lang='lat' dir='ltr'>in</span> <span class='ocrx_word' id='word_1_71' title='bbox 718 955 808 990; x_wconf 79' lang='lat' dir='ltr'>otio.</span> 
     </span>
    </p>

    <p class='ocr_par' dir='ltr' id='par_1_14' title="bbox 129 1003 1042 1049">
     <span class='ocr_line' id='line_1_15' title="bbox 129 1003 1042 1049; baseline 0.001 -11"><span class='ocrx_word' id='word_1_72' title='bbox 129 1005 201 1038; x_wconf 85' lang='lat' dir='ltr'>Res</span> <span class='ocrx_word' id='word_1_73' title='bbox 219 1004 370 1049; x_wconf 83' lang='lat' dir='ltr'>denique</span> <span class='ocrx_word' id='word_1_74' title='bbox 385 1015 500 1038; x_wconf 77' lang='lat' dir='ltr'>autem</span> <span class='ocrx_word' id='word_1_75' title='bbox 517 1004 587 1049; x_wconf 79' lang='lat' dir='ltr'>quo</span> <span class='ocrx_word' id='word_1_76' title='bbox 603 1005 714 1039; x_wconf 83' lang='lat' dir='ltr'>redit?</span> <span class='ocrx_word' id='word_1_77' title='bbox 729 1005 845 1049; x_wconf 83' lang='lat' dir='ltr'>Equus</span> <span class='ocrx_word' id='word_1_78' title='bbox 859 1003 900 1037; x_wconf 88' lang='lat' dir='ltr'>fit</span> <span class='ocrx_word' id='word_1_79' title='bbox 912 1005 1019 1040; x_wconf 85' lang='lat' dir='ltr'>senex</span> <span class='ocrx_word' id='word_1_80' title='bbox 1031 1030 1042 1048; x_wconf 79' lang='lat'><em>‚</em></span> 
     </span>
    </p>

    <p class='ocr_par' dir='ltr' id='par_1_15' title="bbox 131 1053 980 1147">
     <span class='ocr_line' id='line_1_16' title="bbox 131 1053 918 1098; baseline 0.001 -11"><span class='ocrx_word' id='word_1_81' title='bbox 131 1054 175 1087; x_wconf 77' lang='lat' dir='ltr'>Et</span> <span class='ocrx_word' id='word_1_82' title='bbox 191 1054 232 1086; x_wconf 83' lang='lat' dir='ltr'>ad</span> <span class='ocrx_word' id='word_1_83' title='bbox 248 1056 380 1086; x_wconf 81' lang='lat' dir='ltr'>molam</span> <span class='ocrx_word' id='word_1_84' title='bbox 395 1054 588 1098; x_wconf 76' lang='lat' dir='ltr'>ablegatur,</span> <span class='ocrx_word' id='word_1_85' title='bbox 605 1054 674 1086; x_wconf 87' lang='lat' dir='ltr'>heu</span> <span class='ocrx_word' id='word_1_86' title='bbox 693 1056 699 1087; x_wconf 91' lang='lat'>!</span> <span class='ocrx_word' id='word_1_87' title='bbox 719 1053 918 1088; x_wconf 80' lang='lat' dir='ltr'><strong>asinariam.</strong></span> 
     </span>
     <span class='ocr_line' id='line_1_17' title="bbox 184 1101 980 1147; baseline 0.001 -13"><span class='ocrx_word' id='word_1_88' title='bbox 184 1101 357 1146; x_wconf 73' lang='lat' dir='ltr'><strong>Quisquis</strong></span> <span class='ocrx_word' id='word_1_89' title='bbox 375 1101 514 1135; x_wconf 88' lang='lat' dir='ltr'>fidelem</span> <span class='ocrx_word' id='word_1_90' title='bbox 531 1101 677 1145; x_wconf 75' lang='lat' dir='ltr'>praemio</span> <span class='ocrx_word' id='word_1_91' title='bbox 693 1102 862 1135; x_wconf 80' lang='lat' dir='ltr'>famulum</span> <span class='ocrx_word' id='word_1_92' title='bbox 877 1111 980 1147; x_wconf 87' lang='lat' dir='ltr'>negat</span> 
     </span>
    </p>

    <p class='ocr_par' dir='ltr' id='par_1_16' title="bbox 131 1149 835 1195">
     <span class='ocr_line' id='line_1_18' title="bbox 131 1149 835 1195; baseline 0 -11"><span class='ocrx_word' id='word_1_93' title='bbox 131 1151 278 1184; x_wconf 81' lang='lat' dir='ltr'>Donare</span> <span class='ocrx_word' id='word_1_94' title='bbox 292 1149 381 1193; x_wconf 88' lang='lat' dir='ltr'>justo</span> <span class='ocrx_word' id='word_1_95' title='bbox 394 1175 402 1191; x_wconf 86' lang='lat'>,</span> <span class='ocrx_word' id='word_1_96' title='bbox 415 1150 528 1184; x_wconf 78' lang='lat' dir='ltr'>fabula</span> <span class='ocrx_word' id='word_1_97' title='bbox 541 1151 632 1183; x_wconf 82' lang='lat' dir='ltr'>hunc</span> <span class='ocrx_word' id='word_1_98' title='bbox 649 1150 835 1195; x_wconf 81' lang='lat' dir='ltr'>redarguit.</span> 
     </span>
    </p>
   </div>
   <div class='ocr_carea' id='block_1_5' title="bbox 152 232 581 262">
    <p class='ocr_par' dir='ltr' id='par_1_17' title="bbox 152 232 581 262">
     <span class='ocr_line' id='line_1_19' title="bbox 152 232 581 262; baseline 0 2105"><span class='ocrx_word' id='word_1_99' title='bbox 152 232 581 262; x_wconf 95' lang='lat' dir='ltr'> </span> 
     </span>
    </p>
   </div>
   <div class='ocr_carea' id='block_1_6' title="bbox 180 251 405 257">
    <p class='ocr_par' dir='ltr' id='par_1_18' title="bbox 180 251 405 257">
     <span class='ocr_line' id='line_1_20' title="bbox 180 251 405 257; baseline 0 0"><span class='ocrx_word' id='word_1_100' title='bbox 180 251 405 257; x_wconf 95' lang='lat' dir='ltr'> </span> 
     </span>
    </p>
   </div>
   <div class='ocr_carea' id='block_1_7' title="bbox 293 1246 578 1265">
    <p class='ocr_par' dir='ltr' id='par_1_19' title="bbox 293 1246 578 1265">
     <span class='ocr_line' id='line_1_21' title="bbox 293 1246 578 1265; baseline 0 1102"><span class='ocrx_word' id='word_1_101' title='bbox 293 1246 578 1265; x_wconf 95' lang='lat' dir='ltr'> </span> 
     </span>
    </p>
   </div>
   <div class='ocr_carea' id='block_1_8' title="bbox 683 1246 969 1266">
    <p class='ocr_par' dir='ltr' id='par_1_20' title="bbox 683 1246 969 1266">
     <span class='ocr_line' id='line_1_22' title="bbox 683 1246 969 1266; baseline 0 1101"><span class='ocrx_word' id='word_1_102' title='bbox 683 1246 969 1266; x_wconf 95' lang='lat' dir='ltr'> </span> 
     </span>
    </p>
   </div>
   <div class='ocr_carea' id='block_1_9' title="bbox 267 1239 996 1286">
    <p class='ocr_par' dir='ltr' id='par_1_21' title="bbox 267 1239 996 1286">
     <span class='ocr_line' id='line_1_23' title="bbox 267 1239 996 1286; baseline -0.005 -5"><span class='ocrx_word' id='word_1_103' title='bbox 267 1257 579 1280; x_wconf 65' lang='lat' dir='ltr'>·c‚—---—-</span> <span class='ocrx_word' id='word_1_104' title='bbox 588 1239 674 1286; x_wconf 50' lang='lat'>5⁴3&amp;</span> <span class='ocrx_word' id='word_1_105' title='bbox 684 1269 739 1274; x_wconf 85' lang='lat'><strong>—</strong></span> <span class='ocrx_word' id='word_1_106' title='bbox 971 1252 996 1277; x_wconf 57' lang='grc' dir='ltr'>ὓ·</span> 
     </span>
    </p>
   </div>
   <div class='ocr_carea' id='block_1_10' title="bbox 260 1325 1002 1489">
    <p class='ocr_par' dir='ltr' id='par_1_22' title="bbox 260 1325 1002 1489">
     <span class='ocr_line' id='line_1_24' title="bbox 260 1325 1002 1372; baseline -0.001 0"><span class='ocrx_word' id='word_1_107' title='bbox 260 1326 581 1372; x_wconf 87' lang='lat' dir='ltr'><strong>FABULA</strong></span> <span class='ocrx_word' id='word_1_108' title='bbox 638 1325 1002 1372; x_wconf 90' lang='lat' dir='ltr'><strong>XXXVIII.</strong></span> 
     </span>
     <span class='ocr_line' id='line_1_25' title="bbox 307 1421 962 1489; baseline 0 -22"><span class='ocrx_word' id='word_1_109' title='bbox 307 1423 500 1489; x_wconf 80' lang='lat' dir='ltr'><em>Rusticus</em></span> <span class='ocrx_word' id='word_1_110' title='bbox 531 1421 574 1467; x_wconf 66' lang='lat' dir='ltr'>G*</span> <span class='ocrx_word' id='word_1_111' title='bbox 596 1423 701 1484; x_wconf 79' lang='lat' dir='ltr'>pagi</span> <span class='ocrx_word' id='word_1_112' title='bbox 729 1424 962 1468; x_wconf 76' lang='lat' dir='ltr'><em>Dominus,</em></span> 
     </span>
    </p>
   </div>
   <div class='ocr_carea' id='block_1_11' title="bbox 741 1268 969 1275">
    <p class='ocr_par' dir='ltr' id='par_1_23' title="bbox 741 1268 969 1275">
     <span class='ocr_line' id='line_1_26' title="bbox 741 1268 969 1275; baseline 0 1092"><span class='ocrx_word' id='word_1_113' title='bbox 741 1268 969 1275; x_wconf 95' lang='lat' dir='ltr'> </span> 
     </span>
    </p>
   </div>
   <div class='ocr_carea' id='block_1_12' title="bbox 139 1496 1035 1911">
    <p class='ocr_par' dir='ltr' id='par_1_24' title="bbox 139 1496 1035 1629">
     <span class='ocr_line' id='line_1_27' title="bbox 139 1496 1035 1581; baseline 0.001 -11"><span class='ocrx_word' id='word_1_114' title='bbox 139 1496 231 1574; x_wconf 37' lang='lat' dir='ltr'>*Q</span> <span class='ocrx_word' id='word_1_115' title='bbox 241 1546 269 1569; x_wconf 89' lang='lat' dir='ltr'>D</span> <span class='ocrx_word' id='word_1_116' title='bbox 287 1536 367 1581; x_wconf 80' lang='lat' dir='ltr'>pagi</span> <span class='ocrx_word' id='word_1_117' title='bbox 380 1536 578 1569; x_wconf 83' lang='lat' dir='ltr'>Dominum</span> <span class='ocrx_word' id='word_1_118' title='bbox 593 1536 731 1580; x_wconf 84' lang='lat' dir='ltr'>quidam</span> <span class='ocrx_word' id='word_1_119' title='bbox 744 1535 844 1569; x_wconf 66' lang='lat' dir='ltr'>venit</span> <span class='ocrx_word' id='word_1_120' title='bbox 859 1534 1035 1571; x_wconf 82' lang='lat' dir='ltr'>Rusticus:</span> 
     </span>
     <span class='ocr_line' id='line_1_28' title="bbox 141 1584 902 1629; baseline -0.004 -9"><span class='ocrx_word' id='word_1_121' title='bbox 141 1588 316 1629; x_wconf 86' lang='lat' dir='ltr'>Meusque</span> <span class='ocrx_word' id='word_1_122' title='bbox 328 1611 337 1626; x_wconf 83' lang='lat'><strong>‚</strong></span> <span class='ocrx_word' id='word_1_123' title='bbox 352 1585 442 1617; x_wconf 85' lang='lat' dir='ltr'>dixit</span> <span class='ocrx_word' id='word_1_124' title='bbox 453 1611 461 1625; x_wconf 78' lang='lat'>,</span> <span class='ocrx_word' id='word_1_125' title='bbox 476 1584 514 1616; x_wconf 85' lang='lat' dir='ltr'>in</span> <span class='ocrx_word' id='word_1_126' title='bbox 527 1595 624 1617; x_wconf 89' lang='lat' dir='ltr'>tuum</span> <span class='ocrx_word' id='word_1_127' title='bbox 638 1595 767 1628; x_wconf 88' lang='lat' dir='ltr'>porcus</span> <span class='ocrx_word' id='word_1_128' title='bbox 781 1595 902 1618; x_wconf 81' lang='lat' dir='ltr'>canem</span> 
     </span>
    </p>

    <p class='ocr_par' dir='ltr' id='par_1_25' title="bbox 141 1632 938 1775">
     <span class='ocr_line' id='line_1_29' title="bbox 141 1632 938 1676; baseline -0.005 -7"><span class='ocrx_word' id='word_1_129' title='bbox 141 1634 248 1670; x_wconf 84' lang='lat' dir='ltr'>Irruit</span> <span class='ocrx_word' id='word_1_130' title='bbox 259 1660 267 1675; x_wconf 83' lang='lat'><strong>‚</strong></span> <span class='ocrx_word' id='word_1_131' title='bbox 285 1644 434 1676; x_wconf 85' lang='lat' dir='ltr'>eumque</span> <span class='ocrx_word' id='word_1_132' title='bbox 451 1633 580 1666; x_wconf 87' lang='lat' dir='ltr'>necuit.</span> <span class='ocrx_word' id='word_1_133' title='bbox 599 1634 778 1665; x_wconf 87' lang='lat' dir='ltr'>Damnum</span> <span class='ocrx_word' id='word_1_134' title='bbox 794 1632 938 1674; x_wconf 80' lang='lat' dir='ltr'>farcies,</span> 
     </span>
     <span class='ocr_line' id='line_1_30' title="bbox 143 1681 901 1727; baseline -0.005 -10"><span class='ocrx_word' id='word_1_135' title='bbox 143 1681 338 1727; x_wconf 89' lang='lat' dir='ltr'>Respondit</span> <span class='ocrx_word' id='word_1_136' title='bbox 353 1681 413 1714; x_wconf 89' lang='lat' dir='ltr'>ille</span> <span class='ocrx_word' id='word_1_137' title='bbox 424 1706 432 1721; x_wconf 76' lang='grc'>,</span> <span class='ocrx_word' id='word_1_138' title='bbox 450 1681 602 1714; x_wconf 87' lang='lat' dir='ltr'>nummis</span> <span class='ocrx_word' id='word_1_139' title='bbox 617 1681 746 1726; x_wconf 84' lang='lat' dir='ltr'>viginti</span> <span class='ocrx_word' id='word_1_140' title='bbox 763 1681 877 1714; x_wconf 79' lang='lat' dir='ltr'>aureis</span> <span class='ocrx_word' id='word_1_141' title='bbox 892 1706 901 1722; x_wconf 91' lang='lat'>,</span> 
     </span>
     <span class='ocr_line' id='line_1_31' title="bbox 144 1728 929 1775; baseline -0.004 -10"><span class='ocrx_word' id='word_1_142' title='bbox 144 1733 331 1775; x_wconf 87' lang='lat' dir='ltr'>Tuumque</span> <span class='ocrx_word' id='word_1_143' title='bbox 347 1730 458 1762; x_wconf 81' lang='lat' dir='ltr'>trades</span> <span class='ocrx_word' id='word_1_144' title='bbox 475 1729 639 1773; x_wconf 60' lang='lat' dir='ltr'>praetered</span> <span class='ocrx_word' id='word_1_145' title='bbox 652 1740 799 1773; x_wconf 88' lang='lat' dir='ltr'>porcum</span> <span class='ocrx_word' id='word_1_146' title='bbox 816 1728 901 1762; x_wconf 87' lang='lat' dir='ltr'>mihi</span> <span class='ocrx_word' id='word_1_147' title='bbox 916 1753 929 1771; x_wconf 89' lang='lat'>,</span> 
     </span>
    </p>

    <p class='ocr_par' dir='ltr' id='par_1_26' title="bbox 144 1779 764 1822">
     <span class='ocr_line' id='line_1_32' title="bbox 144 1779 764 1822; baseline -0.006 -8"><span class='ocrx_word' id='word_1_148' title='bbox 144 1782 196 1815; x_wconf 85' lang='lat' dir='ltr'>Ut</span> <span class='ocrx_word' id='word_1_149' title='bbox 210 1779 403 1819; x_wconf 85' lang='lat' dir='ltr'>occidatur,</span> <span class='ocrx_word' id='word_1_150' title='bbox 418 1788 622 1822; x_wconf 86' lang='lat' dir='ltr'>ceterosque</span> <span class='ocrx_word' id='word_1_151' title='bbox 638 1787 764 1811; x_wconf 86' lang='lat' dir='ltr'>terreat</span> 
     </span>
    </p>

    <p class='ocr_par' dir='ltr' id='par_1_27' title="bbox 145 1826 918 1911">
     <span class='ocr_line' id='line_1_33' title="bbox 145 1826 918 1873; baseline -0.005 -11"><span class='ocrx_word' id='word_1_152' title='bbox 145 1828 328 1873; x_wconf 85' lang='lat' dir='ltr'>Supplicio</span> <span class='ocrx_word' id='word_1_153' title='bbox 343 1837 473 1870; x_wconf 89' lang='lat' dir='ltr'>porcos</span> <span class='ocrx_word' id='word_1_154' title='bbox 485 1852 493 1866; x_wconf 93' lang='lat'><strong>‚</strong></span> <span class='ocrx_word' id='word_1_155' title='bbox 509 1836 548 1860; x_wconf 88' lang='lat' dir='ltr'>ut</span> <span class='ocrx_word' id='word_1_156' title='bbox 561 1837 604 1860; x_wconf 89' lang='lat' dir='ltr'>ne</span> <span class='ocrx_word' id='word_1_157' title='bbox 619 1826 758 1871; x_wconf 80' lang='lat' dir='ltr'>posthac</span> <span class='ocrx_word' id='word_1_158' title='bbox 773 1826 918 1859; x_wconf 84' lang='lat' dir='ltr'>audeant</span> 
     </span>
     <span class='ocr_line' id='line_1_34' title="bbox 147 1874 855 1911; baseline -0.006 0"><span class='ocrx_word' id='word_1_159' title='bbox 147 1878 333 1911; x_wconf 84' lang='lat' dir='ltr'>Verendos</span> <span class='ocrx_word' id='word_1_160' title='bbox 346 1874 541 1908; x_wconf 87' lang='lat' dir='ltr'>interficere</span> <span class='ocrx_word' id='word_1_161' title='bbox 555 1875 725 1909; x_wconf 78' lang='lat' dir='ltr'>nobilium</span> <span class='ocrx_word' id='word_1_162' title='bbox 742 1885 855 1908; x_wconf 88' lang='lat' dir='ltr'>canes.</span> 
     </span>
    </p>
   </div>
   <div class='ocr_carea' id='block_1_13' title="bbox 147 1919 1014 1969">
    <p class='ocr_par' dir='ltr' id='par_1_28' title="bbox 147 1919 1014 1969">
     <span class='ocr_line' id='line_1_35' title="bbox 147 1919 1014 1969; baseline -0.006 -8"><span class='ocrx_word' id='word_1_163' title='bbox 147 1926 216 1961; x_wconf 79' lang='lat' dir='ltr'>Hic</span> <span class='ocrx_word' id='word_1_164' title='bbox 229 1925 299 1961; x_wconf 78' lang='lat' dir='ltr'>sese</span> <span class='ocrx_word' id='word_1_165' title='bbox 312 1925 499 1963; x_wconf 84' lang='lat' dir='ltr'>emendans</span> <span class='ocrx_word' id='word_1_166' title='bbox 512 1923 673 1962; x_wconf 84' lang='lat' dir='ltr'>Rusticus</span> <span class='ocrx_word' id='word_1_167' title='bbox 687 1936 695 1961; x_wconf 75' lang='grc' dir='ltr'><strong><em>ι</em></strong></span> <span class='ocrx_word' id='word_1_168' title='bbox 712 1922 808 1969; x_wconf 83' lang='lat' dir='ltr'>Quid</span> <span class='ocrx_word' id='word_1_169' title='bbox 821 1922 896 1958; x_wconf 87' lang='lat' dir='ltr'>sum</span> <span class='ocrx_word' id='word_1_170' title='bbox 908 1919 1014 1958; x_wconf 75' lang='lat' dir='ltr'>miser</span> 
     </span>
    </p>
   </div>
   <div class='ocr_carea' id='block_1_14' title="bbox 1136 815 1225 2367">
    <p class='ocr_par' dir='ltr' id='par_1_29' title="bbox 1136 815 1225 2367">
     <span class='ocr_line' id='line_1_36' title="bbox 1136 815 1225 2367; baseline 0 0"><span class='ocrx_word' id='word_1_171' title='bbox 1136 815 1225 2367; x_wconf 95' lang='lat' dir='ltr'> </span> 
     </span>
    </p>
   </div>
  </div>
 </body>
</html>
