1225 2367
207 108 295 157 188
364 109 1035 155 FAB.AEsoP1AnUM

201 190 360 225 Pervidit
376 190 497 224 omnia
513 202 521 224 :
539 190 607 224 Isto
622 217 630 231 ,
649 190 759 231 dixit,
774 189 930 234 optimus

199 239 300 272 Toto
316 239 464 284 vigescit
480 239 602 273 succus
618 239 657 272 in
669 239 879 283 corpusculo
895 251 902 273 :

199 288 226 322 F
230 298 338 321 ormae
355 288 492 321 decenti
508 299 655 321 veneres
673 299 747 321 non
762 287 884 321 desunt
900 287 990 329 suae,

200 336 328 370 Nitore
346 338 494 377 blando,
512 337 765 380 munditiisque
783 336 961 380 simplices
978 347 987 369 ε

199 385 372 427 Quaedam
387 395 423 419 at
436 397 499 419 nec
515 385 637 418 absunt
654 384 876 429 negligentiae
892 386 983 418 mala
994 408 1006 426 ‚

200 433 291 475 Quae
306 434 461 467 delicatis
475 434 630 477 asperam
643 433 845 467 censoribus

201 483 329 515 Creare
345 482 485 526 possint
502 482 635 516 nauseae
652 481 858 516 molestiam.

200 530 407 575 Plumisque
421 557 429 570 ,
445 531 640 575 pennisque
654 531 773 564 varius
790 532 890 564 color
904 529 1032 564 insidet
1042 555 1054 572 ,

200 579 321 621 Quem
337 591 417 613 cura
433 579 545 613 facilis
560 605 569 620 ‚
588 580 622 613 &
639 578 805 613 naturalis
822 580 929 613 decor

201 629 393 661 Concentu
409 628 524 661 amico
540 629 582 661 ad
597 629 808 673 elegantiam
822 627 992 661 instruunt
1007 640 1016 663 ε

201 676 249 709 At
262 676 471 710 suavitatem
486 675 594 721 paulo
612 677 824 711 concitatior

202 725 385 758 Animaret
401 725 534 758 utinam
547 725 661 759 virtus
675 751 684 766 ‚
703 727 738 759 δε
757 725 926 771 nusquam
941 736 1054 759 aureae

202 773 465 808 Mediocritatis
481 775 601 808 lumen
617 775 875 819 elanguesceret
891 777 898 808 Σ

201 822 348 857 Imbelle
364 822 509 856 rostrum
530 823 563 856 ὅ(
578 823 747 857 innocens
764 823 876 856 rixam
893 822 983 868 fugit
994 849 1005 865 ‚

202 871 450 916 Parabilesque
464 897 474 912 ,
490 872 523 905 ἃ
541 872 672 905 obvios
688 872 822 906 tantum
836 872 937 905 cibos

202 920 377 954 Adhibere
392 921 495 954 novit
513 933 520 954 :
536 921 593 954 sed
607 920 801 955 animosius
815 920 926 954 velim

204 971 484 1002 Converteretur
499 969 535 1002 in
550 981 656 1003 omne
671 970 821 1002 noxium
838 980 943 1013 pecus
958 981 973 1008 ·‚.

203 1018 248 1051 Et
262 1017 300 1051 in
316 1018 477 1051 ciborum
492 1018 626 1051 delectu
639 1018 778 1062 cupiam
793 1029 935 1062 quoque
949 1042 962 1059 ‚

207 1066 337 1101 Gustus
352 1066 477 1100 adesset
491 1067 629 1100 doftior
645 1067 824 1111 sagacitas.

256 1116 360 1148 Hunc
376 1126 414 1148 tu
431 1126 566 1156 tamen,
583 1115 642 1160 pia
659 1125 768 1149 mater
781 1141 789 1156 ‚
807 1115 954 1161 gaudeas
971 1114 1054 1150 licet

206 1163 374 1198 Genuiffe
391 1166 497 1200 talem
512 1177 520 1201 ε
540 1163 660 1201 Paucis
671 1190 679 1206 ‚
695 1165 793 1209 plura
809 1164 888 1202 cum
904 1164 1019 1201 nitent
1033 1189 1047 1206 2

203 1214 358 1249 Maeuiis
375 1213 530 1256 offendi,
548 1214 691 1248 candida
706 1214 797 1248 ratio
811 1223 922 1248 vetat.

340 1322 361 1346 .(
661 1304 750 1352 ἑὶῖἷῖὲ
756 1310 1068 1341 ἕπε-εὖ·

361 1405 392 1448 F
420 1404 460 1448 A
489 1404 522 1448 B
558 1403 603 1449 U
637 1403 673 1448 L
700 1403 742 1447 A
807 1402 855 1449 X
882 1401 928 1447 X
951 1399 996 1446 X
1020 1403 1054 1448 I.

402 1500 554 1559 Equus
573 1500 611 1543 δ’
629 1497 769 1562 Sffr
782 1499 1011 1558 imperitus.

209 1572 283 1648 ἶμ
297 1622 321 1647 o
334 1622 359 1648 R
371 1623 385 1646 1
395 1623 412 1646 s
430 1612 564 1646 sinebat
580 1623 715 1646 currere
733 1611 892 1645 admissis
907 1612 1043 1656 Equum

210 1664 469 1696 Vehementem
482 1661 598 1695 Seffor
614 1661 799 1705 imperitus
815 1674 823 1695 :
838 1661 933 1705 quod
947 1660 1073 1694 videns

211 1711 390 1746 Clamavit
403 1710 527 1754 aliquis
543 1723 551 1744 :
566 1710 613 1743 Ni
629 1721 731 1743 caves
746 1736 754 1750 ,
771 1720 869 1743 tuum
885 1708 987 1743 brevi

211 1760 424 1794 Immodicus
440 1760 499 1793 ille
516 1759 647 1793 deseret
661 1769 802 1802 ruptum
820 1758 971 1802 impetus

212 1809 425 1853 Sonipedem
439 1822 446 1843 :
465 1819 527 1853 age
543 1819 626 1853 ergo
641 1834 649 1848 ,
665 1809 741 1841 lora
757 1808 905 1851 prudens
923 1805 1081 1840 contine.

212 1858 406 1896 Extimuit3
420 1867 454 1891 at
470 1858 504 1891 se
518 1858 598 1891 dum
613 1866 711 1900 putat
725 1867 822 1889 meus
836 1855 892 1888 hic
907 1854 1025 1898 stupor

213 1906 374 1941 Praestare
388 1932 397 1950 ,
411 1907 507 1952 quod
521 1915 685 1941 monetur
695 1931 704 1948 ,
721 1915 848 1940 conatu
863 1903 984 1949 aspero
1000 1927 1008 1943 ,
