1268 2361
171 91 410 134 Llssfia
468 101 902 135 sEcUNDUS.
969 107 1033 152 47

63 183 89 209 ια
435 167 764 215 -ήῗβ-’έ-ΞΞ
1000 183 1013 206 3

171 254 570 300 FABULA
662 255 900 302 XLII.

335 350 449 394 Puer
477 351 516 394 δ’
547 351 736 397 Coluber.

43 418 157 498 Qu
169 472 194 496 Α
208 472 240 498 Μ
252 473 272 497 13
284 472 310 496 υ
324 473 344 496 ι,
356 472 381 496 Α
394 473 419 496 N
432 473 459 496 D
473 472 498 496 o
518 464 647 508 reperit
665 464 857 498 Colubrum
874 464 962 498 Puer

39 512 137 547 Gelu
152 512 321 558 rigentem
336 525 346 551 ·‚
365 523 469 557 quem
486 513 619 557 recepit
635 514 671 546 in
687 513 803 546 sinum

37 561 242 594 Misericors
260 561 296 594 ὅτ.
310 561 460 602 refovit,
474 561 604 595 inscius
621 563 715 595 mali.

38 610 85 642 At
101 610 159 643 ille
170 635 179 649 ‚
196 609 356 654 pristinus
372 609 431 643 ubi
447 610 598 643 redditus
614 609 662 643 est
675 610 800 655 vigor,

13 669 18 675 ·
37 658 153 698 Furit,
168 658 349 702 impioque
364 659 466 692 dente
483 657 679 692 beneficum
697 669 811 692 necat.

87 707 208 740 Homo
223 707 337 747 vivit,
349 706 416 740 effe
433 707 493 751 qui
510 707 612 740 miser
629 707 708 740 cnm
725 707 827 741 desiit
838 732 847 747 ‚

36 754 159 800 Coepit
174 755 291 789 salutis
307 756 430 789 laedere
447 755 604 789 austores
622 755 702 790 suae.

166 845 636 895 a—-ss--e-iffoeee
651 876 706 880 --
715 859 890 884 μ-ύε·

227 932 550 978 FABULA
611 930 831 979 XLIII.

287 1027 406 1088 Rofiz
432 1028 471 1072 δ’
489 1028 771 1072 Amarantus.

37 1074 162 1180 Qu
175 1150 217 1175 Is
235 1152 310 1175 non
326 1141 457 1176 coloris
475 1142 580 1175 nostri
597 1141 785 1186 puniceum
802 1142 905 1175 decus
917 1169 928 1182 ‚

33 1189 124 1232 Quis
141 1201 214 1224 non
229 1190 348 1224 odoris
364 1191 487 1224 suaves
503 1191 642 1224 delicias
660 1200 771 1231 amat,

34 1238 140 1271 Dixit
155 1240 345 1272 Amaranto
356 1264 365 1280 ‚
379 1239 444 1272 sibi
461 1241 601 1283 placens
618 1239 765 1271 nimiflm
777 1264 784 1278 ‚
800 1239 890 1271 Rosa
904 1241 917 1273 ?

83 1287 290 1320 Amarantus
307 1297 424 1320 autem
438 1299 446 1320 ε
461 1288 541 1328 Nil,
555 1287 602 1320 ait
613 1313 622 1327 ‚
637 1287 723 1320 mihi
739 1287 879 1330 quidem

32 1335 220 1382 'Contingit
235 1336 362 1370 horum
378 1336 492 1369 simile
508 1348 517 1374 ·‚
534 1336 591 1369 sed
605 1335 695 1368 vivo
711 1335 782 1369 diu.

419 1424 636 1473 3:322&

224 1512 256 1556 F
275 1512 316 1557 A
337 1512 370 1556 B
394 1512 439 1556 U
459 1512 494 1557 L
514 1511 554 1556 A
621 1510 667 1555 X
687 1512 721 1556 L
739 1511 756 1555 Ι
775 1513 830 1557 V.

340 1607 473 1650 Canis
504 1603 547 1651 G*
569 1605 719 1650 Herus.

161 1442 188 1466 (ς
869 1437 904 1469 θ’.

35 1679 128 1755 D
136 1729 162 1754 ο
174 1729 208 1753 Μ
218 1728 246 1753 υ
258 1728 292 1752 Μ
310 1728 489 1753 revertens
500 1745 512 1765 ⁹.
523 1729 683 1764 tempore
699 1720 846 1753 hiberno
857 1746 865 1761 ,
881 1721 983 1755 Canis
994 1747 1006 1763 ,

36 1770 78 1802 Et
93 1769 248 1802 madidus
267 1768 300 1801 ὅ(
314 1769 504 1802 lutulentus
517 1794 526 1809 ,
538 1779 576 1801 ut
593 1769 775 1801 dominum
790 1769 886 1802 videt
897 1795 906 1809 ‚

37 1817 220 1862 Gestitque
231 1843 240 1857 ‚
256 1816 465 1861 prosilitque
477 1842 485 1857 ‚
500 1817 614 1862 gaudii
633 1818 809 1860 impotens
820 1843 830 1858 ,

34 1866 150 1912 Atque
166 1876 371 1901 renuentem
387 1865 531 1900 sordidis
547 1865 773 1910 ampled‘titur-
