1268 2361
173 108 411 153 LIBER
466 118 898 154 SEcUNDUs.
965 123 1028 171 43

42 189 224 234 Luporum
241 199 396 233 coeperat
411 189 566 230 imitari,
583 190 616 223 ὃ(
633 189 747 234 impio

41 239 190 282 Aliquot
204 237 362 272 bidentes
378 249 440 272 ore
455 237 525 280 jam
539 249 741 272 voraverat.

42 287 151 328 Quod
165 287 414 320 exsecrandum
431 286 548 320 Pastor
563 297 602 320 ut
620 286 724 320 novit
739 287 850 321 scelus
861 311 871 327 ‚

42 335 155 368 Simul
171 335 314 379 expiare
330 345 444 369 morte
460 336 618 369 scelerati
636 345 744 379 parat.

41 382 150 416 Mene
162 412 169 423 ‚
185 383 291 417 Canis
308 383 442 428 inquit,
456 395 530 424 me,
547 385 646 428 quasi
662 384 692 417 si
707 385 810 428 lupus
825 382 937 418 sorem
948 408 962 425 ,

42 431 199 465 Μᾱᾶειτε
215 432 330 476 possis
341 458 350 473 ‚
364 433 446 465 here
463 434 530 473 mi,
544 432 703 466 violenta
719 444 825 465 manu
840 435 852 467 ?
920 468 937 480 ,ἡ

41 479 193 514 Reserva
210 482 296 514 tales
313 480 468 514 hostibus
485 491 608 526 poenas
624 481 716 525 lupis
731 492 742 518 ς

42 527 266 574 Prudensque
283 529 381 562 serva
399 540 454 562 me
466 555 474 570 ,
489 531 552 563 tibi
569 529 740 563 addidium
754 555 762 569 ‚
778 530 924 565 Canem.

40 577 87 610 At
102 576 219 610 Pastor
233 589 240 610 :
258 577 382 611 Hostes
400 577 478 611 sunt
495 578 581 611 mihi
597 579 738 622 quidem
754 577 829 621 lupi
845 590 854 611 :

41 624 167 659 Hostes
184 626 242 658 sed
256 624 308 658 ini
324 625 394 659 sese
411 626 621 670 profitentur
637 637 736 660 meos
750 637 758 659 ε

41 672 93 706 Te
111 683 252 713 contra,
266 673 400 708 amicus
419 673 479 719 qui
494 674 670 709 videbatis
688 673 795 714 mihi,

40 721 145 755 Nunc
161 731 275 755 morte
292 720 392 756 tanto
407 723 603 768 digniorem
620 721 738 765 judico
749 747 758 763 ,

42 768 181 803 Scelere
197 769 321 814 lupino
339 768 435 815 quod
449 770 612 805 fefelleris
629 770 748 805 fidem.

91 817 168 851 Hos
184 817 301 852 fabula
318 817 385 852 ess‘e
401 818 454 853 bis
471 819 658 854 sceleratos
675 819 826 860 indicat,

42 865 144 910 Quos
161 866 202 901 ad
217 867 423 912 patrandum
439 866 584 913 perfidia
599 868 716 903 movit
731 868 855 902 scelus.

167 970 195 997 «Β

197 1044 545 1090 FABULA
611 1043 879 1091 XXXV.

174 1141 330 1184 Lucius
360 1141 446 1184 lat&
473 1142 683 1203 regnandi
713 1142 902 1200 cupidus.

44 1212 124 1287 {N
145 1264 265 1294 amne,
281 1263 442 1297 magnam
461 1252 608 1296 piscium
626 1253 685 1296 qui
703 1254 845 1296 copiam

46 1302 224 1336 Profundo
242 1302 355 1334 alebat
371 1300 504 1346 gurgite
515 1327 524 1341 ,
538 1300 630 1334 ferus
653 1302 686 1333 &
703 1312 832 1345 potens

44 1350 226 1395 Regnabat
242 1350 328 1383 olim
347 1350 486 1383 Lucius.
505 1350 551 1382 At
567 1361 647 1384 eum
663 1350 780 1394 piget,

45 1399 215 1443 Riparum
231 1398 368 1442 iniquas
386 1397 494 1441 objici
511 1409 627 1431 moras
643 1398 711 1431 sue

46 1447 246 1491 Rapacitati
260 1460 268 1479 τ
286 1447 318 1479 ὅ(
334 1460 341 1479 :
358 1448 444 1480 Haec
455 1473 464 1488 ,
479 1447 526 1479 ait
537 1472 546 1487 ,
560 1447 663 1480 nohis
680 1458 773 1492 vago

45 1495 135 1538 Quae
152 1495 272 1539 pestus
288 1495 368 1540 igne
384 1495 529 1540 subigit,
543 1507 583 1529 ac
601 1496 798 1539 depascitur

47 1544 229 1588 Cupiditas
242 1570 251 1584 ‚
265 1544 335 1577 sese
352 1543 480 1577 finibus
496 1543 645 1589 angustis
661 1544 770 1589 gemit

47 1592 114 1625 His
132 1592 306 1626 contineri
321 1604 330 1630 3
348 1593 570 1636 quaerendum
587 1593 653 1633 est,
665 1593 726 1626 ubi
741 1593 844 1627 latius

48 1641 240 1674 Excurrere
256 1641 370 1685 possit
386 1653 392 1673 :
410 1641 556 1675 memini
573 1641 651 1675 ct'im
669 1641 755 1675 mihi
772 1642 910 1676 diceret·

48 1688 253 1734 Peregrinus
270 1688 329 1722 iste
345 1689 455 1724 salmo
470 1716 479 1731 ,
492 1690 681 1724 commode
700 1690 780 1724 satis

51 1737 172 1771 Patere
188 1737 316 1771 trastus
333 1739 458 1772 oceani
472 1751 482 1777 ¹,
500 1738 593 1772 certe
609 1739 675 1773 hos
691 1740 790 1773 lubet

48 1786 218 1820 Invadere
232 1799 239 1819 :
258 1786 345 1820 meis
360 1787 494 1833 legibus
511 1787 698 1832 neptunios

52 1835 273 1878 compellere
290 1846 409 1879 greges
421 1862 430 1875 ‚
446 1846 552 1880 opera
568 1837 684 1879 magni
702 1847 774 1868 non
789 1835 856 1869 erit

52 1882 197 1917 Laboris
213 1895 222 1922 ·‚
236 1884 293 1918 hic
309 1894 460 1930 namque
475 1884 676 1919 universum
691 1883 760 1927 jam
776 1884 841 1918 diu.-
