1268 2361
0 0 3 132 .
166 106 405 151 LIBER
463 115 895 150 SECUNDUs.
961 120 1019 163 41

46 184 1020 232 (εξ--Ξέἑὲζῖεξξεξπν

143 271 176 315 F
213 269 253 314 A
298 268 421 315 B'U
463 269 499 314 L
540 270 580 315 A
679 270 726 316 X
767 270 814 315 X
856 269 918 316 X.

234 366 423 420 Asinus,
442 365 579 409 Simia
607 363 651 410 ἃ
671 366 825 425 Talpa.

36 435 163 513 Du
175 486 208 511 M
227 488 509 523 conqueruntur,
528 478 638 512 Simia
656 477 752 523 quod
768 479 857 513 desit
874 478 942 514 sibi

39 528 156 560 cauda
169 552 178 567 ,
191 527 317 560 Asinus
334 538 450 560 autem
470 526 566 572 quod
581 539 656 560 non
670 529 796 561 habeat
815 539 946 563 cornua
960 540 971 563 z

40 575 190 616 Taceoe,
204 576 295 609 dixit
310 576 421 619 Talpa
436 588 446 614 ·,
463 587 518 608 me
534 576 768 609 miserrimum

42 622 193 657 Coecum
209 623 339 656 videtis
352 649 360 664 ‚
377 624 411 657 δι
426 623 570 667 potestis
589 625 758 668 conqueri
773 625 787 658 ἓ

88 671 198 705 [ιιξὶυ
209 697 218 712 ,
233 672 267 705 ὅ(
283 672 434 717 querelis
451 683 510 705 cur
526 682 640 704 aevum
660 672 898 706 consumimus
913 674 927 707 ἓ

41 718 140 761 Quin
158 719 353 760 intuemur,
371 720 445 753 sors
462 720 492 754 si
510 730 613 764 quem
631 720 774 764 gravior
791 721 918 764 premit
933 721 947 755 ἒ

39 766 173 803 Misero
189 769 353 802 levamen
368 768 561 803 miserioris
579 767 626 801 cst
642 769 785 803 malum.

428 846 908 892 *afflss-—m---ssv

216 934 559 981 FABULA
625 931 859 979 XXXI.

319 1030 461 1089 Lupus
494 1027 536 1076 δ’
560 1029 760 1094 Hysttix.

46 1101 136 1178 H
149 1152 174 1177 o
186 1152 203 1177 s
214 1152 238 1177 T
248 1152 270 1177 Ε
281 1152 298 1178 s
316 1142 381 1177 tibi
397 1142 464 1177 effe
481 1143 646 1188 quamdiu
664 1141 877 1189 cognoveris
886 1168 896 1185 ‚

44 1191 224 1237 Pugnandi
240 1202 378 1236 tempus
395 1192 530 1236 semper
546 1192 612 1225 effe
629 1192 800 1225 exrstima.

92 1239 236 1281 jejunus
252 1240 365 1273 olim
358 1251 395 1273 in
410 1240 610 1284 Hystricem
626 1240 752 1281 incidit
766 1240 905 1284 Lupus·
897 1264 908 1274 2

44 1288 123 1323 Suis
141 1299 176 1322 at
192 1289 251 1322 illa
270 1298 309 1321 ut
327 1298 401 1322 tota
419 1288 562 1332 spiculis
582 1297 655 1321 erat

43 1337 207 1378 Vallata,
222 1336 341 1370 timuit
357 1338 396 1369 vi
412 1338 584 1380 praedator
601 1337 740 1382 aggredi
755 1348 767 1375 ·‚

43 1385 257 1420 Praetentans
273 1395 358 1431 ergo
374 1396 447 1419 rem
464 1386 547 1418 dolo
562 1397 570 1418 :
588 1385 656 1417 Cur
672 1384 724 1417 sic
736 1411 744 1425 ,
759 1383 830 1426 ait,

44 1434 188 1468 Armata
205 1434 359 1478 semper,
375 1444 413 1466 ut
429 1433 467 1466 in
484 1433 667 1477 procinssu
684 1434 814 1467 milites
828 1458 837 1475 ‚

46 1482 212 1516 Procedis
227 1484 240 1517 ?
257 1483 356 1528 atqui
373 1481 502 1515 milites
520 1481 588 1525 ipsi
606 1492 725 1514 tamen

43 1530 266 1574 Quandoque
283 1540 420 1574 ponunt
436 1540 531 1563 arma
545 1541 555 1567 ·‚
573 1541 737 1575 nuncque
753 1529 813 1563 ubi
829 1530 899 1564 suis

42 1579 180 1612 Omma
195 1579 361 1624 gubernat
379 1589 448 1622 pax
464 1579 578 1612 amica
592 1578 747 1623 legibus,

46 1627 192 1661 Hostem
208 1638 245 1660 tu
261 1627 333 1660 sola
351 1638 455 1670 quem
471 1627 572 1660 times
583 1652 593 1667 ‚
606 1628 664 1659 vel
681 1637 786 1671 quem
803 1626 892 1670 petis
907 1628 922 1661 ἓ

46 1676 121 1720 Age
137 1674 225 1708 vero
236 1675 333 1716 ,haec
348 1686 444 1708 arma
460 1686 553 1718 pone
564 1701 575 1716 ,
589 1686 664 1720 quae
682 1685 716 1708 te
732 1675 922 1716 dedecent,

49 1725 257 1768 Corpusque
274 1724 412 1757 tandem
429 1723 614 1757 delicatum
632 1723 752 1757 libera.

50 1771 116 1805 Cui
133 1772 250 1806 retulit
268 1770 434 1816 Hystrix:
450 1771 626 1805 Adversus
643 1772 776 1804 similes
793 1771 845 1804 tui

51 1820 114 1855 Me
129 1819 213 1857 stare
230 1820 364 1865 semper
380 1829 548 1856 armatam
564 1821 661 1856 decet
672 1846 682 1861 ,
696 1830 737 1854 ac
752 1818 867 1862 juvat.

168 861 204 887 ¹⁸.
