<?xml version="1.0" encoding="UTF-8"?>
<!DOCTYPE html PUBLIC "-//W3C//DTD XHTML 1.0 Transitional//EN"
    "http://www.w3.org/TR/xhtml1/DTD/xhtml1-transitional.dtd">
<html xmlns="http://www.w3.org/1999/xhtml" xml:lang="en" lang="en">
 <head>
  <title>
</title>
<meta http-equiv="Content-Type" content="text/html;charset=utf-8" />
  <meta name='ocr-system' content='tesseract 3.04.00' />
  <meta name='ocr-capabilities' content='ocr_page ocr_carea ocr_par ocr_line ocrx_word'/>
</head>
<body>
  <div class='ocr_page' id='page_1' title='image "./fabulaeaesopiaec00desbuoft_0099.png"; bbox 0 0 1268 2361; ppageno 0'>
   <div class='ocr_carea' id='block_1_1' title="bbox 0 0 1033 139">
    <p class='ocr_par' dir='ltr' id='par_1_1' title="bbox 0 0 1033 139">
     <span class='ocr_line' id='line_1_1' title="bbox 0 0 1033 139; baseline -0.003 -17"><span class='ocrx_word' id='word_1_1' title='bbox 0 0 15 122; x_wconf 50' lang='grc' dir='ltr'><strong><em>ἦ</em></strong></span> <span class='ocrx_word' id='word_1_2' title='bbox 212 74 451 120; x_wconf 82' lang='lat' dir='ltr'><em>LIBER</em></span> <span class='ocrx_word' id='word_1_3' title='bbox 509 85 854 120; x_wconf 76' lang='lat' dir='ltr'><em>TERTIUS.</em></span> <span class='ocrx_word' id='word_1_4' title='bbox 982 90 1033 139; x_wconf 79' lang='lat'>55</span> 
     </span>
    </p>
   </div>
   <div class='ocr_carea' id='block_1_2' title="bbox 0 156 976 596">
    <p class='ocr_par' dir='ltr' id='par_1_2' title="bbox 6 156 737 201">
     <span class='ocr_line' id='line_1_2' title="bbox 6 156 737 201; baseline -0.004 -8"><span class='ocrx_word' id='word_1_5' title='bbox 6 169 13 193; x_wconf 57' lang='grc' dir='ltr'><em>π</em></span> <span class='ocrx_word' id='word_1_6' title='bbox 50 157 164 198; x_wconf 72' lang='lat' dir='ltr'>Elam,</span> <span class='ocrx_word' id='word_1_7' title='bbox 181 156 279 201; x_wconf 84' lang='lat' dir='ltr'>gestit</span> <span class='ocrx_word' id='word_1_8' title='bbox 294 156 392 200; x_wconf 84' lang='lat' dir='ltr'><strong>putei</strong></span> <span class='ocrx_word' id='word_1_9' title='bbox 408 156 445 188; x_wconf 88' lang='lat' dir='ltr'>in</span> <span class='ocrx_word' id='word_1_10' title='bbox 461 156 537 199; x_wconf 85' lang='lat' dir='ltr'>ipso</span> <span class='ocrx_word' id='word_1_11' title='bbox 554 156 710 201; x_wconf 73' lang='lat' dir='ltr'>margine</span> <span class='ocrx_word' id='word_1_12' title='bbox 728 182 737 197; x_wconf 90' lang='lat'>‚</span> 
     </span>
    </p>

    <p class='ocr_par' dir='ltr' id='par_1_3' title="bbox 6 197 795 297">
     <span class='ocr_line' id='line_1_3' title="bbox 6 197 793 248; baseline -0.001 -9"><span class='ocrx_word' id='word_1_13' title='bbox 6 197 11 230; x_wconf 74' lang='lat'>,¹</span> <span class='ocrx_word' id='word_1_14' title='bbox 48 206 121 240; x_wconf 85' lang='lat' dir='ltr'>Nec</span> <span class='ocrx_word' id='word_1_15' title='bbox 135 216 232 239; x_wconf 78' lang='lat' dir='ltr'>curat</span> <span class='ocrx_word' id='word_1_16' title='bbox 249 231 258 246; x_wconf 90' lang='lat'><strong>‚</strong></span> <span class='ocrx_word' id='word_1_17' title='bbox 272 205 369 238; x_wconf 89' lang='lat' dir='ltr'>socio</span> <span class='ocrx_word' id='word_1_18' title='bbox 388 205 471 248; x_wconf 91' lang='lat' dir='ltr'>quid</span> <span class='ocrx_word' id='word_1_19' title='bbox 487 206 641 238; x_wconf 81' lang='lat' dir='ltr'>futurum</span> <span class='ocrx_word' id='word_1_20' title='bbox 656 205 701 237; x_wconf 91' lang='lat' dir='ltr'>sit</span> <span class='ocrx_word' id='word_1_21' title='bbox 717 206 793 238; x_wconf 89' lang='lat' dir='ltr'>suo.</span> 
     </span>
     <span class='ocr_line' id='line_1_4' title="bbox 48 253 795 297; baseline -0.003 -9"><span class='ocrx_word' id='word_1_22' title='bbox 48 254 203 294; x_wconf 81' lang='lat' dir='ltr'>Dolosa,</span> <span class='ocrx_word' id='word_1_23' title='bbox 220 253 351 297; x_wconf 83' lang='lat' dir='ltr'>perfida</span> <span class='ocrx_word' id='word_1_24' title='bbox 368 253 596 287; x_wconf 81' lang='lat' dir='ltr'>nominatur:</span> <span class='ocrx_word' id='word_1_25' title='bbox 615 263 650 286; x_wconf 83' lang='lat' dir='ltr'>at</span> <span class='ocrx_word' id='word_1_26' title='bbox 666 254 795 287; x_wconf 84' lang='lat' dir='ltr'>refert</span> <span class='ocrx_word' id='word_1_27' title='bbox 788 267 795 272; x_wconf 92' lang='lat'>·</span> 
     </span>
    </p>

    <p class='ocr_par' dir='ltr' id='par_1_4' title="bbox 4 301 938 347">
     <span class='ocr_line' id='line_1_5' title="bbox 4 301 938 347; baseline 0.001 -12"><span class='ocrx_word' id='word_1_28' title='bbox 4 326 9 347; x_wconf 27' lang='grc' dir='ltr'>,Α</span> <span class='ocrx_word' id='word_1_29' title='bbox 45 302 119 347; x_wconf 83' lang='lat' dir='ltr'>Age</span> <span class='ocrx_word' id='word_1_30' title='bbox 135 312 273 344; x_wconf 79' lang='lat' dir='ltr'>tamen,</span> <span class='ocrx_word' id='word_1_31' title='bbox 286 302 406 339; x_wconf 74' lang='lat' dir='ltr'>hirce3</span> <span class='ocrx_word' id='word_1_32' title='bbox 421 301 451 335; x_wconf 83' lang='lat' dir='ltr'>si</span> <span class='ocrx_word' id='word_1_33' title='bbox 469 312 638 346; x_wconf 83' lang='lat' dir='ltr'>quantum</span> <span class='ocrx_word' id='word_1_34' title='bbox 655 302 691 334; x_wconf 91' lang='lat' dir='ltr'>in</span> <span class='ocrx_word' id='word_1_35' title='bbox 707 313 828 335; x_wconf 87' lang='lat' dir='ltr'>mento</span> <span class='ocrx_word' id='word_1_36' title='bbox 847 302 938 346; x_wconf 77' lang='lat' dir='ltr'>geris</span> 
     </span>
    </p>

    <p class='ocr_par' dir='ltr' id='par_1_5' title="bbox 3 349 891 392">
     <span class='ocr_line' id='line_1_6' title="bbox 3 349 891 392; baseline 0 -8"><span class='ocrx_word' id='word_1_37' title='bbox 3 350 8 376; x_wconf 66' lang='lat' dir='ltr'><strong>f</strong></span> <span class='ocrx_word' id='word_1_38' title='bbox 47 351 224 392; x_wconf 85' lang='lat' dir='ltr'>Setarurn‚</span> <span class='ocrx_word' id='word_1_39' title='bbox 239 350 275 383; x_wconf 85' lang='lat' dir='ltr'>in</span> <span class='ocrx_word' id='word_1_40' title='bbox 292 360 409 384; x_wconf 87' lang='lat' dir='ltr'><strong>mente</strong></span> <span class='ocrx_word' id='word_1_41' title='bbox 425 351 556 384; x_wconf 66' lang='lat' dir='ltr'><strong>tantfim</strong></span> <span class='ocrx_word' id='word_1_42' title='bbox 573 349 655 384; x_wconf 85' lang='lat' dir='ltr'>effet</span> <span class='ocrx_word' id='word_1_43' title='bbox 671 351 789 383; x_wconf 85' lang='lat' dir='ltr'>sensus</span> <span class='ocrx_word' id='word_1_44' title='bbox 807 351 891 391; x_wconf 84' lang='lat' dir='ltr'>tibi,</span> 
     </span>
    </p>

    <p class='ocr_par' dir='ltr' id='par_1_6' title="bbox 2 399 976 492">
     <span class='ocr_line' id='line_1_7' title="bbox 2 399 976 443; baseline 0.001 -12"><span class='ocrx_word' id='word_1_45' title='bbox 2 411 8 430; x_wconf 75' lang='lat' dir='ltr'><em>e</em></span> <span class='ocrx_word' id='word_1_46' title='bbox 41 399 100 432; x_wconf 82' lang='lat' dir='ltr'>An</span> <span class='ocrx_word' id='word_1_47' title='bbox 115 399 229 443; x_wconf 83' lang='lat' dir='ltr'>prius,</span> <span class='ocrx_word' id='word_1_48' title='bbox 247 400 391 439; x_wconf 84' lang='lat' dir='ltr'>amabo,</span> <span class='ocrx_word' id='word_1_49' title='bbox 407 410 552 443; x_wconf 83' lang='lat' dir='ltr'>puteum</span> <span class='ocrx_word' id='word_1_50' title='bbox 568 399 605 432; x_wconf 89' lang='lat' dir='ltr'>in</span> <span class='ocrx_word' id='word_1_51' title='bbox 620 400 711 432; x_wconf 88' lang='lat' dir='ltr'>hunc</span> <span class='ocrx_word' id='word_1_52' title='bbox 729 399 950 433; x_wconf 83' lang='lat' dir='ltr'><strong>descenderes</strong></span> <span class='ocrx_word' id='word_1_53' title='bbox 966 425 976 441; x_wconf 87' lang='lat'>,</span> 
     </span>
     <span class='ocr_line' id='line_1_8' title="bbox 1 447 826 492; baseline 0 -11"><span class='ocrx_word' id='word_1_54' title='bbox 1 447 162 490; x_wconf 80' lang='lat' dir='ltr'><strong>,Quam</strong></span> <span class='ocrx_word' id='word_1_55' title='bbox 180 448 408 492; x_wconf 84' lang='lat' dir='ltr'>provideres,</span> <span class='ocrx_word' id='word_1_56' title='bbox 425 459 469 480; x_wconf 87' lang='lat' dir='ltr'>an</span> <span class='ocrx_word' id='word_1_57' title='bbox 484 448 660 481; x_wconf 80' lang='lat' dir='ltr'>remeandi</span> <span class='ocrx_word' id='word_1_58' title='bbox 678 448 723 481; x_wconf 87' lang='lat' dir='ltr'>sit</span> <span class='ocrx_word' id='word_1_59' title='bbox 740 448 822 483; x_wconf 84' lang='lat' dir='ltr'>via</span> <span class='ocrx_word' id='word_1_60' title='bbox 814 450 826 472; x_wconf 79' lang='lat'>²</span> 
     </span>
    </p>

    <p class='ocr_par' dir='ltr' id='par_1_7' title="bbox 0 496 904 541">
     <span class='ocr_line' id='line_1_9' title="bbox 0 496 904 541; baseline 0.001 -11"><span class='ocrx_word' id='word_1_61' title='bbox 0 514 7 540; x_wconf 74' lang='grc'>,-</span> <span class='ocrx_word' id='word_1_62' title='bbox 92 496 264 530; x_wconf 83' lang='lat' dir='ltr'>Vetamur</span> <span class='ocrx_word' id='word_1_63' title='bbox 276 497 344 530; x_wconf 90' lang='lat' dir='ltr'>hoc</span> <span class='ocrx_word' id='word_1_64' title='bbox 361 498 526 540; x_wconf 83' lang='lat' dir='ltr'>exemplo</span> <span class='ocrx_word' id='word_1_65' title='bbox 544 496 724 541; x_wconf 83' lang='lat' dir='ltr'>quidpiam</span> <span class='ocrx_word' id='word_1_66' title='bbox 740 496 904 541; x_wconf 73' lang='lat' dir='ltr'>aggnedi,</span> 
     </span>
    </p>

    <p class='ocr_par' dir='ltr' id='par_1_8' title="bbox 0 543 792 596">
     <span class='ocr_line' id='line_1_10' title="bbox 0 543 792 596; baseline 0 -18"><span class='ocrx_word' id='word_1_67' title='bbox 0 555 7 596; x_wconf 52' lang='lat' dir='ltr'><strong>f</strong></span> <span class='ocrx_word' id='word_1_68' title='bbox 44 543 139 579; x_wconf 81' lang='lat' dir='ltr'>Nihil</span> <span class='ocrx_word' id='word_1_69' title='bbox 155 545 217 580; x_wconf 87' lang='lat' dir='ltr'>ubi</span> <span class='ocrx_word' id='word_1_70' title='bbox 232 546 380 589; x_wconf 87' lang='lat' dir='ltr'>spondet</span> <span class='ocrx_word' id='word_1_71' title='bbox 396 545 532 578; x_wconf 84' lang='lat' dir='ltr'>exitum</span> <span class='ocrx_word' id='word_1_72' title='bbox 549 545 688 578; x_wconf 71' lang='lat' dir='ltr'>faculem</span> <span class='ocrx_word' id='word_1_73' title='bbox 704 545 792 579; x_wconf 85' lang='lat' dir='ltr'><strong>fore.</strong></span> 
     </span>
    </p>
   </div>
   <div class='ocr_carea' id='block_1_3' title="bbox 176 622 904 851">
    <p class='ocr_par' dir='ltr' id='par_1_9' title="bbox 176 622 904 850">
     <span class='ocr_line' id='line_1_11' title="bbox 176 622 904 672; baseline -0.001 -11"><span class='ocrx_word' id='word_1_74' title='bbox 176 622 904 672; x_wconf 31' lang='grc' dir='ltr'>ἛΞ--Ξ-ῇι-ἕὲᾗὶπῡ·</span> 
     </span>
     <span class='ocr_line' id='line_1_12' title="bbox 239 710 844 757; baseline -0.002 -2"><span class='ocrx_word' id='word_1_75' title='bbox 239 711 270 755; x_wconf 93' lang='lat' dir='ltr'>F</span> <span class='ocrx_word' id='word_1_76' title='bbox 310 711 344 756; x_wconf 84' lang='lat' dir='ltr'><strong>A</strong></span> <span class='ocrx_word' id='word_1_77' title='bbox 381 710 414 755; x_wconf 91' lang='grc' dir='ltr'>Β</span> <span class='ocrx_word' id='word_1_78' title='bbox 451 710 494 755; x_wconf 90' lang='lat' dir='ltr'><strong>U</strong></span> <span class='ocrx_word' id='word_1_79' title='bbox 531 711 566 755; x_wconf 90' lang='lat' dir='ltr'>L</span> <span class='ocrx_word' id='word_1_80' title='bbox 601 710 640 755; x_wconf 88' lang='lat' dir='ltr'>A</span> <span class='ocrx_word' id='word_1_81' title='bbox 729 710 776 756; x_wconf 90' lang='lat' dir='ltr'><strong>X</strong></span> <span class='ocrx_word' id='word_1_82' title='bbox 811 711 844 757; x_wconf 84' lang='lat' dir='ltr'>I.</span> 
     </span>
     <span class='ocr_line' id='line_1_13' title="bbox 316 805 761 851; baseline -0.002 -1"><span class='ocrx_word' id='word_1_83' title='bbox 316 805 477 850; x_wconf 81' lang='lat' dir='ltr'><em>Mulier</em></span> <span class='ocrx_word' id='word_1_84' title='bbox 499 806 537 850; x_wconf 65' lang='grc' dir='ltr'>δ’</span> <span class='ocrx_word' id='word_1_85' title='bbox 566 805 761 851; x_wconf 79' lang='lat' dir='ltr'>Gallina.</span> 
     </span>
    </p>
   </div>
   <div class='ocr_carea' id='block_1_4' title="bbox 0 875 1020 1256">
    <p class='ocr_par' dir='ltr' id='par_1_10' title="bbox 0 875 1020 1256">
     <span class='ocr_line' id='line_1_14' title="bbox 0 875 988 965; baseline 0 -10"><span class='ocrx_word' id='word_1_86' title='bbox 0 875 168 955; x_wconf 75' lang='lat' dir='ltr'>GA</span> <span class='ocrx_word' id='word_1_87' title='bbox 180 928 200 953; x_wconf 87' lang='lat'>1.</span> <span class='ocrx_word' id='word_1_88' title='bbox 212 929 232 953; x_wconf 88' lang='lat'>1.</span> <span class='ocrx_word' id='word_1_89' title='bbox 244 928 258 953; x_wconf 94' lang='lat'>1</span> <span class='ocrx_word' id='word_1_90' title='bbox 271 929 296 952; x_wconf 79' lang='lat' dir='ltr'>N</span> <span class='ocrx_word' id='word_1_91' title='bbox 308 929 334 953; x_wconf 82' lang='lat' dir='ltr'>A</span> <span class='ocrx_word' id='word_1_92' title='bbox 346 929 380 954; x_wconf 83' lang='lat' dir='ltr'>M</span> <span class='ocrx_word' id='word_1_93' title='bbox 396 920 545 954; x_wconf 84' lang='lat' dir='ltr'>habebat</span> <span class='ocrx_word' id='word_1_94' title='bbox 561 919 716 961; x_wconf 85' lang='lat' dir='ltr'>Mulier,</span> <span class='ocrx_word' id='word_1_95' title='bbox 733 931 809 965; x_wconf 82' lang='lat' dir='ltr'>quae</span> <span class='ocrx_word' id='word_1_96' title='bbox 827 919 988 964; x_wconf 80' lang='lat' dir='ltr'>quotidie</span> 
     </span>
     <span class='ocr_line' id='line_1_15' title="bbox 0 967 890 1015; baseline 0.001 -13"><span class='ocrx_word' id='word_1_97' title='bbox 0 967 1 971; x_wconf 71' lang='grc'>’</span> <span class='ocrx_word' id='word_1_98' title='bbox 43 967 202 1002; x_wconf 82' lang='lat' dir='ltr'>Pariehat</span> <span class='ocrx_word' id='word_1_99' title='bbox 219 980 356 1003; x_wconf 87' lang='lat' dir='ltr'>ovum:</span> <span class='ocrx_word' id='word_1_100' title='bbox 378 969 461 1002; x_wconf 88' lang='lat' dir='ltr'>bina</span> <span class='ocrx_word' id='word_1_101' title='bbox 476 980 618 1009; x_wconf 84' lang='lat' dir='ltr'>autem,</span> <span class='ocrx_word' id='word_1_102' title='bbox 636 980 700 1013; x_wconf 88' lang='lat' dir='ltr'>pro</span> <span class='ocrx_word' id='word_1_103' title='bbox 718 968 864 1015; x_wconf 83' lang='lat' dir='ltr'>singulis</span> <span class='ocrx_word' id='word_1_104' title='bbox 879 995 890 1012; x_wconf 87' lang='lat'>‚</span> 
     </span>
     <span class='ocr_line' id='line_1_16' title="bbox 43 1016 853 1063; baseline 0.002 -13"><span class='ocrx_word' id='word_1_105' title='bbox 43 1016 126 1050; x_wconf 87' lang='lat' dir='ltr'>Ova</span> <span class='ocrx_word' id='word_1_106' title='bbox 143 1017 333 1061; x_wconf 82' lang='lat' dir='ltr'>parituram</span> <span class='ocrx_word' id='word_1_107' title='bbox 350 1044 359 1059; x_wconf 94' lang='lat'><strong>‚</strong></span> <span class='ocrx_word' id='word_1_108' title='bbox 375 1020 453 1062; x_wconf 86' lang='lat' dir='ltr'>plus</span> <span class='ocrx_word' id='word_1_109' title='bbox 471 1018 569 1062; x_wconf 80' lang='lat' dir='ltr'>dapis</span> <span class='ocrx_word' id='word_1_110' title='bbox 585 1018 615 1051; x_wconf 90' lang='lat' dir='ltr'>si</span> <span class='ocrx_word' id='word_1_111' title='bbox 632 1028 824 1063; x_wconf 84' lang='lat' dir='ltr'>apponeret</span> <span class='ocrx_word' id='word_1_112' title='bbox 841 1043 853 1061; x_wconf 89' lang='lat'>‚</span> 
     </span>
     <span class='ocr_line' id='line_1_17' title="bbox 42 1065 693 1111; baseline 0.002 -13"><span class='ocrx_word' id='word_1_113' title='bbox 42 1065 250 1100; x_wconf 82' lang='lat' dir='ltr'>Existimans</span> <span class='ocrx_word' id='word_1_114' title='bbox 262 1093 270 1107; x_wconf 85' lang='lat'>,</span> <span class='ocrx_word' id='word_1_115' title='bbox 289 1078 409 1100; x_wconf 83' lang='lat' dir='ltr'>curare</span> <span class='ocrx_word' id='word_1_116' title='bbox 428 1067 539 1110; x_wconf 79' lang='lat' dir='ltr'>coepit</span> <span class='ocrx_word' id='word_1_117' title='bbox 551 1067 693 1111; x_wconf 64' lang='lat' dir='ltr'>largius.</span> 
     </span>
     <span class='ocr_line' id='line_1_18' title="bbox 43 1112 867 1160; baseline 0.001 -13"><span class='ocrx_word' id='word_1_118' title='bbox 43 1112 186 1148; x_wconf 83' lang='lat' dir='ltr'>Gallina</span> <span class='ocrx_word' id='word_1_119' title='bbox 204 1116 260 1148; x_wconf 88' lang='lat' dir='ltr'>sed</span> <span class='ocrx_word' id='word_1_120' title='bbox 276 1126 363 1148; x_wconf 88' lang='lat' dir='ltr'>mox</span> <span class='ocrx_word' id='word_1_121' title='bbox 378 1115 464 1149; x_wconf 71' lang='grc' dir='ltr'>Εῑιξιει</span> <span class='ocrx_word' id='word_1_122' title='bbox 479 1116 557 1149; x_wconf 71' lang='lat' dir='ltr'>esu-n</span> <span class='ocrx_word' id='word_1_123' title='bbox 574 1115 657 1148; x_wconf 78' lang='lat' dir='ltr'>esset</span> <span class='ocrx_word' id='word_1_124' title='bbox 673 1115 840 1160; x_wconf 85' lang='lat' dir='ltr'>pinguior</span> <span class='ocrx_word' id='word_1_125' title='bbox 856 1141 867 1157; x_wconf 92' lang='lat'><strong>‚</strong></span> 
     </span>
     <span class='ocr_line' id='line_1_19' title="bbox 44 1161 877 1208; baseline 0.001 -12"><span class='ocrx_word' id='word_1_126' title='bbox 44 1161 167 1196; x_wconf 88' lang='lat' dir='ltr'>Ovum</span> <span class='ocrx_word' id='word_1_127' title='bbox 183 1162 253 1204; x_wconf 82' lang='lat' dir='ltr'>jam</span> <span class='ocrx_word' id='word_1_128' title='bbox 270 1175 390 1207; x_wconf 83' lang='lat' dir='ltr'>parere</span> <span class='ocrx_word' id='word_1_129' title='bbox 405 1175 448 1197; x_wconf 89' lang='lat' dir='ltr'>ne</span> <span class='ocrx_word' id='word_1_130' title='bbox 461 1164 579 1208; x_wconf 84' lang='lat' dir='ltr'>potuit</span> <span class='ocrx_word' id='word_1_131' title='bbox 595 1176 704 1197; x_wconf 88' lang='lat' dir='ltr'>unum</span> <span class='ocrx_word' id='word_1_132' title='bbox 722 1164 877 1208; x_wconf 86' lang='lat' dir='ltr'><strong>quidem.</strong></span> 
     </span>
     <span class='ocr_line' id='line_1_20' title="bbox 90 1211 1020 1256; baseline 0.002 -11"><span class='ocrx_word' id='word_1_133' title='bbox 90 1212 220 1245; x_wconf 83' lang='lat' dir='ltr'>Tardat</span> <span class='ocrx_word' id='word_1_134' title='bbox 231 1237 240 1253; x_wconf 89' lang='lat'>,</span> <span class='ocrx_word' id='word_1_135' title='bbox 253 1213 465 1256; x_wconf 82' lang='lat' dir='ltr'>hebetatque</span> <span class='ocrx_word' id='word_1_136' title='bbox 480 1214 585 1246; x_wconf 87' lang='lat' dir='ltr'>luxus</span> <span class='ocrx_word' id='word_1_137' title='bbox 600 1212 787 1246; x_wconf 83' lang='lat' dir='ltr'>hominum</span> <span class='ocrx_word' id='word_1_138' title='bbox 805 1211 1020 1247; x_wconf 77' lang='lat' dir='ltr'>industriam.</span> 
     </span>
    </p>
   </div>
   <div class='ocr_carea' id='block_1_5' title="bbox 202 1298 486 1317">
    <p class='ocr_par' dir='ltr' id='par_1_11' title="bbox 202 1298 486 1317">
     <span class='ocr_line' id='line_1_21' title="bbox 202 1298 486 1317; baseline 0 1044"><span class='ocrx_word' id='word_1_139' title='bbox 202 1298 486 1317; x_wconf 95' lang='lat' dir='ltr'> </span> 
     </span>
    </p>
   </div>
   <div class='ocr_carea' id='block_1_6' title="bbox 203 1290 903 1523">
    <p class='ocr_par' dir='ltr' id='par_1_12' title="bbox 203 1290 903 1523">
     <span class='ocr_line' id='line_1_22' title="bbox 203 1290 903 1337; baseline 0.004 -13"><span class='ocrx_word' id='word_1_140' title='bbox 203 1290 903 1337; x_wconf 51' lang='lat' dir='ltr'>*fissoessss——›</span> 
     </span>
     <span class='ocr_line' id='line_1_23' title="bbox 209 1376 866 1424; baseline -0.002 0"><span class='ocrx_word' id='word_1_141' title='bbox 209 1379 242 1424; x_wconf 91' lang='lat' dir='ltr'>F</span> <span class='ocrx_word' id='word_1_142' title='bbox 276 1382 317 1424; x_wconf 94' lang='lat' dir='ltr'>A</span> <span class='ocrx_word' id='word_1_143' title='bbox 351 1379 385 1424; x_wconf 90' lang='lat' dir='ltr'>B</span> <span class='ocrx_word' id='word_1_144' title='bbox 422 1379 467 1423; x_wconf 94' lang='lat' dir='ltr'>U</span> <span class='ocrx_word' id='word_1_145' title='bbox 501 1378 537 1423; x_wconf 95' lang='lat' dir='ltr'>L</span> <span class='ocrx_word' id='word_1_146' title='bbox 572 1378 612 1422; x_wconf 92' lang='lat' dir='ltr'><strong>A</strong></span> <span class='ocrx_word' id='word_1_147' title='bbox 698 1376 745 1421; x_wconf 92' lang='lat' dir='ltr'><strong>X</strong></span> <span class='ocrx_word' id='word_1_148' title='bbox 778 1379 796 1423; x_wconf 93' lang='grc' dir='ltr'>Ι</span> <span class='ocrx_word' id='word_1_149' title='bbox 831 1378 866 1423; x_wconf 90' lang='grc' dir='ltr'>Ι.</span> 
     </span>
     <span class='ocr_line' id='line_1_24' title="bbox 328 1462 759 1523; baseline 0.002 -14"><span class='ocrx_word' id='word_1_150' title='bbox 328 1466 482 1510; x_wconf 80' lang='lat' dir='ltr'><em>Cancer</em></span> <span class='ocrx_word' id='word_1_151' title='bbox 511 1462 554 1509; x_wconf 65' lang='grc' dir='ltr'>δ’</span> <span class='ocrx_word' id='word_1_152' title='bbox 591 1465 759 1523; x_wconf 85' lang='lat' dir='ltr'><em>Vulpis.</em></span> 
     </span>
    </p>
   </div>
   <div class='ocr_carea' id='block_1_7' title="bbox 42 1536 918 1868">
    <p class='ocr_par' dir='ltr' id='par_1_13' title="bbox 42 1536 875 1619">
     <span class='ocr_line' id='line_1_25' title="bbox 42 1536 875 1619; baseline -0.002 -6"><span class='ocrx_word' id='word_1_153' title='bbox 42 1536 154 1614; x_wconf 68' lang='lat' dir='ltr'>M</span> <span class='ocrx_word' id='word_1_154' title='bbox 166 1588 191 1613; x_wconf 83' lang='lat' dir='ltr'><strong>A</strong></span> <span class='ocrx_word' id='word_1_155' title='bbox 205 1589 229 1613; x_wconf 81' lang='lat' dir='ltr'>R</span> <span class='ocrx_word' id='word_1_156' title='bbox 239 1589 262 1613; x_wconf 76' lang='lat' dir='ltr'>E</span> <span class='ocrx_word' id='word_1_157' title='bbox 282 1581 413 1613; x_wconf 82' lang='lat' dir='ltr'>Cancer</span> <span class='ocrx_word' id='word_1_158' title='bbox 430 1578 517 1612; x_wconf 86' lang='lat' dir='ltr'>olim</span> <span class='ocrx_word' id='word_1_159' title='bbox 532 1578 682 1612; x_wconf 85' lang='lat' dir='ltr'>deseruit</span> <span class='ocrx_word' id='word_1_160' title='bbox 693 1605 701 1619; x_wconf 95' lang='lat'>‚</span> <span class='ocrx_word' id='word_1_161' title='bbox 716 1578 754 1611; x_wconf 86' lang='lat' dir='ltr'>in</span> <span class='ocrx_word' id='word_1_162' title='bbox 770 1578 875 1612; x_wconf 83' lang='lat' dir='ltr'>litore</span> 
     </span>
    </p>

    <p class='ocr_par' dir='ltr' id='par_1_14' title="bbox 42 1625 918 1672">
     <span class='ocr_line' id='line_1_26' title="bbox 42 1625 918 1672; baseline -0.002 -10"><span class='ocrx_word' id='word_1_163' title='bbox 42 1629 206 1663; x_wconf 83' lang='lat' dir='ltr'>Pascendi</span> <span class='ocrx_word' id='word_1_164' title='bbox 220 1628 377 1672; x_wconf 84' lang='lat' dir='ltr'><strong>cupidus.</strong></span> <span class='ocrx_word' id='word_1_165' title='bbox 394 1628 524 1672; x_wconf 88' lang='lat' dir='ltr'>Vulpis</span> <span class='ocrx_word' id='word_1_166' title='bbox 541 1628 633 1661; x_wconf 87' lang='lat' dir='ltr'>hunc</span> <span class='ocrx_word' id='word_1_167' title='bbox 649 1627 755 1661; x_wconf 82' lang='lat' dir='ltr'>simul</span> <span class='ocrx_word' id='word_1_168' title='bbox 772 1625 918 1671; x_wconf 83' lang='lat' dir='ltr'>adspicit</span> 
     </span>
    </p>

    <p class='ocr_par' dir='ltr' id='par_1_15' title="bbox 42 1676 840 1721">
     <span class='ocr_line' id='line_1_27' title="bbox 42 1676 840 1721; baseline -0.003 -10"><span class='ocrx_word' id='word_1_169' title='bbox 42 1677 165 1719; x_wconf 71' lang='lat' dir='ltr'>Jejuna</span> <span class='ocrx_word' id='word_1_170' title='bbox 176 1704 185 1718; x_wconf 84' lang='lat'><strong>‚</strong></span> <span class='ocrx_word' id='word_1_171' title='bbox 203 1678 307 1711; x_wconf 86' lang='lat' dir='ltr'>simul</span> <span class='ocrx_word' id='word_1_172' title='bbox 323 1677 472 1710; x_wconf 82' lang='lat' dir='ltr'>accurrit</span> <span class='ocrx_word' id='word_1_173' title='bbox 488 1689 498 1715; x_wconf 87' lang='lat'>·‚</span> <span class='ocrx_word' id='word_1_174' title='bbox 515 1677 549 1710; x_wconf 68' lang='grc' dir='ltr'>δε</span> <span class='ocrx_word' id='word_1_175' title='bbox 564 1678 717 1721; x_wconf 80' lang='lat' dir='ltr'>praedam</span> <span class='ocrx_word' id='word_1_176' title='bbox 734 1676 840 1720; x_wconf 82' lang='lat' dir='ltr'>capit.</span> 
     </span>
    </p>

    <p class='ocr_par' dir='ltr' id='par_1_16' title="bbox 42 1725 772 1770">
     <span class='ocr_line' id='line_1_28' title="bbox 42 1725 772 1770; baseline -0.001 -11"><span class='ocrx_word' id='word_1_177' title='bbox 42 1727 105 1758; x_wconf 78' lang='lat' dir='ltr'>Nae</span> <span class='ocrx_word' id='word_1_178' title='bbox 117 1752 126 1766; x_wconf 86' lang='lat'>,</span> <span class='ocrx_word' id='word_1_179' title='bbox 143 1726 232 1759; x_wconf 76' lang='lat' dir='ltr'>dixit</span> <span class='ocrx_word' id='word_1_180' title='bbox 250 1726 308 1759; x_wconf 87' lang='lat' dir='ltr'>ille</span> <span class='ocrx_word' id='word_1_181' title='bbox 323 1752 331 1766; x_wconf 89' lang='lat'>‚</span> <span class='ocrx_word' id='word_1_182' title='bbox 346 1725 419 1766; x_wconf 79' lang='lat' dir='ltr'>iure</span> <span class='ocrx_word' id='word_1_183' title='bbox 433 1725 568 1770; x_wconf 74' lang='lat' dir='ltr'>plector</span> <span class='ocrx_word' id='word_1_184' title='bbox 579 1752 588 1767; x_wconf 87' lang='lat'><em>‚</em></span> <span class='ocrx_word' id='word_1_185' title='bbox 605 1725 687 1770; x_wconf 77' lang='lat' dir='ltr'>qui,</span> <span class='ocrx_word' id='word_1_186' title='bbox 700 1725 772 1758; x_wconf 84' lang='lat' dir='ltr'>salo</span> 
     </span>
    </p>

    <p class='ocr_par' dir='ltr' id='par_1_17' title="bbox 44 1771 889 1868">
     <span class='ocr_line' id='line_1_29' title="bbox 44 1771 889 1818; baseline -0.002 -10"><span class='ocrx_word' id='word_1_187' title='bbox 44 1775 133 1808; x_wconf 56' lang='lat' dir='ltr'>ctum</span> <span class='ocrx_word' id='word_1_188' title='bbox 149 1775 275 1808; x_wconf 80' lang='lat' dir='ltr'><strong>fuerim</strong></span> <span class='ocrx_word' id='word_1_189' title='bbox 291 1785 418 1815; x_wconf 81' lang='lat' dir='ltr'>natus,</span> <span class='ocrx_word' id='word_1_190' title='bbox 434 1774 611 1808; x_wconf 81' lang='lat' dir='ltr'>voluerim</span> <span class='ocrx_word' id='word_1_191' title='bbox 627 1775 704 1808; x_wconf 91' lang='lat' dir='ltr'>solo</span> <span class='ocrx_word' id='word_1_192' title='bbox 726 1771 861 1818; x_wconf 75' lang='lat' dir='ltr'>ingredi</span> <span class='ocrx_word' id='word_1_193' title='bbox 879 1775 889 1807; x_wconf 91' lang='lat'><strong>!</strong></span> 
     </span>
     <span class='ocr_line' id='line_1_30' title="bbox 94 1822 886 1868; baseline -0.003 -11"><span class='ocrx_word' id='word_1_194' title='bbox 94 1824 182 1857; x_wconf 83' lang='lat' dir='ltr'>Suus</span> <span class='ocrx_word' id='word_1_195' title='bbox 198 1823 387 1868; x_wconf 82' lang='lat' dir='ltr'>unicuique</span> <span class='ocrx_word' id='word_1_196' title='bbox 405 1823 684 1868; x_wconf 85' lang='lat' dir='ltr'>circumscriptus</span> <span class='ocrx_word' id='word_1_197' title='bbox 701 1822 747 1856; x_wconf 88' lang='lat' dir='ltr'>est</span> <span class='ocrx_word' id='word_1_198' title='bbox 764 1825 862 1856; x_wconf 84' lang='lat' dir='ltr'>locus</span> <span class='ocrx_word' id='word_1_199' title='bbox 873 1846 886 1863; x_wconf 76' lang='lat'><strong><em>‚</em></strong></span> 
     </span>
    </p>
   </div>
   <div class='ocr_carea' id='block_1_8' title="bbox 45 1871 841 1953">
    <p class='ocr_par' dir='ltr' id='par_1_18' title="bbox 45 1871 841 1953">
     <span class='ocr_line' id='line_1_31' title="bbox 45 1871 810 1953; baseline -0.003 -47"><span class='ocrx_word' id='word_1_200' title='bbox 45 1871 161 1915; x_wconf 83' lang='lat' dir='ltr'><strong>Quem</strong></span> <span class='ocrx_word' id='word_1_201' title='bbox 174 1872 353 1920; x_wconf 66' lang='lat' dir='ltr'>praeterire</span> <span class='ocrx_word' id='word_1_202' title='bbox 369 1872 444 1906; x_wconf 77' lang='lat' dir='ltr'>sine</span> <span class='ocrx_word' id='word_1_203' title='bbox 459 1872 592 1918; x_wconf 77' lang='lat' dir='ltr'>periclo</span> <span class='ocrx_word' id='word_1_204' title='bbox 609 1883 683 1907; x_wconf 87' lang='lat' dir='ltr'>non</span> <span class='ocrx_word' id='word_1_205' title='bbox 696 1871 810 1953; x_wconf 75' lang='lat' dir='ltr'>licect.</span> 
     </span>
     <span class='ocr_line' id='line_1_32' title="bbox 802 1918 841 1953; baseline 0 0"><span class='ocrx_word' id='word_1_206' title='bbox 802 1918 841 1953; x_wconf 80' lang='lat' dir='ltr'>iv</span> 
     </span>
    </p>
   </div>
   <div class='ocr_carea' id='block_1_9' title="bbox 175 1306 200 1331">
    <p class='ocr_par' dir='ltr' id='par_1_19' title="bbox 175 1306 200 1331">
     <span class='ocr_line' id='line_1_33' title="bbox 175 1306 200 1331; baseline 0 0"><span class='ocrx_word' id='word_1_207' title='bbox 175 1306 200 1331; x_wconf 67' lang='grc' dir='ltr'>Ἐ</span> 
     </span>
    </p>
   </div>
   <div class='ocr_carea' id='block_1_10' title="bbox 648 1320 878 1326">
    <p class='ocr_par' dir='ltr' id='par_1_20' title="bbox 648 1320 878 1326">
     <span class='ocr_line' id='line_1_34' title="bbox 648 1320 878 1326; baseline 0 0"><span class='ocrx_word' id='word_1_208' title='bbox 648 1320 878 1326; x_wconf 95' lang='lat' dir='ltr'> </span> 
     </span>
    </p>
   </div>
  </div>
 </body>
</html>
