1268 2361
202 139 435 184 LIBER
491 145 849 184 OCTAVUS.
926 137 1016 202 169

17 219 165 266 'alisque
185 220 325 265 plausus
341 219 526 263 concitatis
543 219 658 253 editos
674 246 684 262 ‚

18 270 121 315 Saepe
137 268 298 314 repetitis
314 268 455 311 adjuvat
468 269 704 314 clangoribus.

19 319 195 354 stolidior
210 329 327 352 autern
343 318 462 352 Scrofa
473 344 482 359 ‚
496 317 655 351 docentis
669 318 710 351 ad
727 319 832 362 pedes

0 406 1 410 Ἰ
22 367 166 410 Abjeeca
181 393 190 408 ‚
205 366 390 400 delicatam
404 392 413 408 ‚
431 366 462 400 si
478 366 610 410 superis
628 368 762 411 placet,

0 414 174 459 ‘QAffeCiat
191 415 301 449 animi
317 416 501 460 quamdam
517 415 790 450 teneritudinem
807 443 819 459 ‚

0 448 213 510 {fingitque
229 464 339 498 nimia
357 464 390 498 se
403 466 589 508 voluptate
605 465 716 504 affici,

0 513 208 558 &Etiamque
223 513 354 547 collabi
370 513 558 547 :ni-enatam
575 513 731 548 sensibus
748 527 757 549 :

0 560 3 593 ζ
24 563 110 598 Inde
127 573 244 597 tamen
258 563 299 596 ad
312 562 399 596 suile
413 588 422 603 ,
439 563 490 596 sat
506 561 610 596 firmo
627 564 754 608 gradu,

0 611 2 627 ἕ
25 612 70 647 Se
86 611 238 657 proripit
255 624 264 650 3
282 611 423 656 suisque
437 622 524 645 mox
540 611 732 646 revertitur

0 680 11 703 ᾦ
26 661 206 694 Comitata
221 660 346 695 catulis
357 687 367 701 ,
380 660 632 704 vasculumque
649 661 806 695 deferens
817 687 829 703 ,

0 707 7 721 ·’
25 709 138 743 olido
156 711 190 743 ὅ(
203 711 337 743 calente
352 710 447 754 quod
459 710 655 752 repleverat
671 708 757 743 fimo
772 736 783 751 ‚

0 755 68 810 ξΕῑ
84 758 121 791 in
137 758 317 803 loquentis
334 769 396 792 ora
410 758 561 791 suffitum
578 769 751 792 evomens
766 772 775 792 :

0 810 14 845 ⁷:
25 807 110 841 Tibi
124 833 134 849 ‚
151 818 173 841 o
190 808 383 841 verendum
398 806 512 852 gentis
529 806 675 841 asininae
692 808 794 841 decus
806 834 817 849 ,

25 855 130 897 Tibi,
145 855 331 889 bestiarum
344 857 465 889 lumen
482 856 516 889 &
532 857 649 889 honor
665 856 827 890 omnium
841 883 854 900 ,

18 904 91 939 ¹Iste
107 906 201 939 sacer
216 904 288 938 esto
299 931 308 945 ‚
325 904 387 950 qui
403 914 438 938 te
454 904 578 949 dignus
595 905 660 946 est,
678 917 804 951 vapor.

27 953 134 989 Dixit
147 966 157 992 3
172 953 346 998 simulque
364 955 513 998 porcelli
526 953 710 987 instituunt
726 955 875 989 chorum
889 983 897 996 ,

26 1001 209 1038 Praeeunte
226 1013 339 1036 matre
353 1014 363 1041 3
379 1002 641 1047 tripudiantque
656 1004 690 1037 &
706 1005 914 1048 grunniunt.

6 1051 101 1101 gUbi
116 1051 205 1086 vero
223 1053 350 1086 odores
367 1050 502 1085 affatim
515 1052 632 1086 hausit
647 1051 775 1087 fetidos
787 1080 796 1095 ‚

18 1101 193 1145 -Amplam
208 1100 337 1134 Asinus
351 1100 643 1144 approbationem
657 1101 817 1138 sternuit.

8 1185 9 1188 ,
76 1148 213 1183 Intere'a
224 1148 318 1183 forte
335 1149 499 1183 dominus
515 1150 582 1183 huc
598 1151 786 1184 advenerat
800 1164 812 1189 ·,

0 1198 17 1238 τ’
30 1197 147 1245 Atque
158 1224 167 1239 ‚
185 1208 223 1232 ut
238 1197 349 1243 probe
365 1198 423 1232 ille
438 1198 620 1232 bestiarum
637 1199 805 1244 intelligit

5 1256 13 1282 τ
32 1247 170 1282 Omnes
185 1247 330 1293 agendi,
342 1248 401 1280 vel
414 1247 585 1291 loquendi
597 1248 765 1281 formulas
776 1274 787 1289 ,

26 1296 195 1330 ,Attentus
213 1295 332 1329 omnia
345 1295 488 1340 inspicit
502 1321 511 1336 ‚
527 1295 726 1330 considerat
739 1309 750 1335 ·,

23 1340 148 1393 “ji-:bibit
164 1344 276 1378 acutis
293 1344 432 1377 auribus
450 1344 629 1377 scientiam

7 1368 174 1437 {Veteris
190 1392 342 1433 alumni,
361 1404 425 1426 nec
438 1392 557 1426 mirari
572 1405 645 1426 non
660 1392 793 1439 potest·,

5 1285 18 1366 w

22 1462 34 1488 f·
61 1452 75 1485 t
90 1441 260 1475 universae
278 1441 464 1475 concionis
480 1442 638 1476 laudibus
655 1468 662 1483 ‚

21 1490 307 1535 'Honoribusque
324 1489 448 1523 ceteris
464 1490 711 1535 dignissimum

9 1531 138 1578 {Ultro
155 1539 246 1573 hunc
262 1539 407 1573 fatetur:
422 1539 536 1572 Immo
551 1566 559 1580 ,
578 1539 628 1573 ait
643 1566 652 1582 ,
665 1539 794 1574 merito
811 1551 916 1585 potes

15 1587 53 1631 123
57 1598 112 1621 am
125 1587 285 1634 gloriari,
304 1586 398 1631 quod
413 1599 527 1621 meam
542 1614 550 1629 ‚
564 1589 733 1632 quantum
748 1589 830 1624 licet
844 1617 855 1632 ,

15 1633 18 1636 ’
34 1635 141 1670 Asine
158 1636 290 1669 erudite
301 1661 311 1677 ‚
326 1647 447 1670 veram
461 1636 650 1682 imaginem
666 1638 784 1672 refers.

35 1698 41 1733 .'
85 1684 255 1719 Doctrina
267 1711 276 1726 ‚
293 1695 397 1728 quam
414 1696 506 1718 nunc
522 1687 712 1720 multitudo
728 1686 892 1731 suspicit,

34 1731 153 1781 Quam
168 1734 213 1768 sit
229 1744 349 1778 paratu
363 1733 474 1768 facilis
486 1760 495 1774 ‚
511 1737 713 1781 exemplum
728 1735 797 1770 hoc
812 1738 952 1780 probat.

482 1837 582 1879 ...52-
