1268 2361
26 0 59 47 il*

31 73 36 77 ’
229 88 463 134 LIBER
526 98 893 144 QUARTUS.
993 97 1057 150 91·

42 144 44 151 =
68 166 139 204 Abi
151 178 266 203 autem
283 172 426 214 procul,
442 170 560 214 inepte
574 195 585 210 ,
603 170 634 202 ὃ(
650 169 762 203 futilis
774 171 871 204 Deus
890 172 899 205 Ξ

11 244 13 263 ,
69 217 144 252 Istis
161 219 272 251 nihilo
289 220 366 263 plus
386 218 555 263 improbis
571 219 710 252 famulis
727 220 823 252 vales
838 244 847 259 ,

11 277 13 318 ἐκ
67 266 159 310 Qui,
174 267 242 300 nisi
255 268 346 301 male
358 268 470 301 habiti
483 293 492 309 ‚
508 269 642 301 nullum
659 278 749 311 opus
763 267 896 301 faciunt
908 268 1060 305 bonum0'

196 355 922 405 Qffissssss——ff

186 455 219 500 F
253 456 294 501 A
333 456 365 501 B
404 457 448 501 U
486 456 521 500 L
559 459 601 500 A
701 455 749 500 X
785 454 832 501 X
867 456 926 502 V.

297 551 479 596 Iuvenes
501 553 585 596 duo
606 548 648 596 δ’
670 553 818 612 Ursus.

9 628 11 642 Ι

66 620 220 700 CUM
238 663 396 699 Pellione
411 664 565 700 Juvenes
583 665 652 698 duo
669 664 906 709 transegerant
921 677 931 700 ε

8 754 9 760 ¹
61 711 258 757 Spopondit
273 713 332 746 ille
349 712 534 758 pecuniam
551 711 791 757 stipulantibus
812 725 821 753 ·‚

61 759 108 795 Hi
124 761 317 805 promisere
335 763 464 806 pellem
481 761 752 795 villosissimam

58 808 224 843 Ursinam
238 836 249 851 ,
265 820 413 855 eamque
430 809 681 856 amplissimam
700 822 707 843 :
726 810 891 844 Nondum
910 810 1050 857 quidem

58 857 209 892 Necatus
226 858 298 903 ipse
315 858 362 892 est
377 859 486 893 Ursus
503 858 606 893 nobis
623 884 632 901 ,
648 858 837 904 inquiunt·‚

58 905 233 952 At‚,quod
250 909 467 942 tantumdem
481 907 528 942 est
541 934 550 948 ,
567 907 627 942 ubi
643 907 786 942 stabulet
797 933 805 948 ‚
819 907 1024 943 notavimus
1039 918 1051 944 ε

57 954 154 990 Imus
172 968 180 990 ε
199 966 358 990 necatum
373 957 433 1002 qui
450 957 654 1002 deglubant‚
672 956 819 991 mittito.

57 1003 153 1038 Hinc
170 1015 292 1039 nemus
310 1006 457 1051 ingressi
477 1007 558 1039 dum
576 1005 734 1039 invicem
751 1005 821 1038 sese
838 1005 1016 1049 excitant,

56 1051 106 1086 Ut
122 1064 265 1087 omnem
283 1056 387 1088 corde
404 1054 513 1099 porro
531 1055 730 1098 propellant
746 1064 878 1088 metum
893 1068 903 1095 3

6 1125 7 1139 2
54 1100 146 1135 Ecce
162 1103 338 1136 latebroso
351 1129 360 1144 ‚
378 1105 529 1147 praedam
546 1104 712 1136 odoratus
725 1128 734 1143 ‚
751 1103 857 1146 specu

55 1149 217 1195 Erumpit
232 1152 353 1186 Ursus.
371 1153 427 1187 Illi
443 1152 549 1187 simul
563 1151 725 1185 exterriti

3 1198 7 1212 ²
53 1197 255 1242 Trepidare.
274 1201 320 1233 At
333 1202 418 1234 alter
432 1227 440 1241 ‚
457 1211 497 1234 ut
513 1210 586 1233 erat
603 1200 701 1246 agilis
714 1226 722 1239 ‚
741 1200 775 1232 &
790 1199 880 1234 levis
895 1225 905 1242 ‚

3 1256 5 1258 ·
55 1246 173 1290 Quam
190 1248 340 1292 primam
359 1249 488 1294 reperit
502 1274 512 1290 ,
529 1250 633 1282 altam
651 1248 782 1281 scandit
797 1250 960 1284 arborem
976 1261 988 1289 2

53 1295 163 1329 Humi
180 1298 345 1331 decubuit
361 1299 446 1332 alter
460 1311 471 1336 ·‚
488 1298 565 1331 sive
581 1297 770 1338 didicerat,

54 1345 155 1378 Ursis
172 1345 207 1378 id
223 1345 290 1379 effe
307 1347 416 1380 moris
432 1373 440 1387 ‚
458 1356 496 1380 ut
512 1346 736 1390 depascerent

15 1421 20 1428 f
53 1392 265 1427 'Viventium
283 1405 375 1428 artus
388 1422 397 1436 ,
414 1405 635 1429 mortuorum
652 1395 852 1439 spernerent
867 1406 878 1435 ;

53 1442 122 1475 Seu
138 1443 256 1486 potius
273 1443 346 1488 ipse
361 1444 510 1489 fregerat
525 1443 709 1477 hominem
726 1454 838 1477 metus
853 1470 864 1485 ‚

54 1489 358 1536 Prostraverat-que
375 1504 447 1526 non
464 1492 661 1526 absimilem
682 1503 836 1526 mortuo.

54 1539 159 1572 Hunc
176 1541 291 1573 versat
308 1553 431 1575 omnes
447 1542 555 1575 Ursus
573 1541 609 1573 in
626 1552 739 1585 partes
755 1553 765 1579 ·,
782 1541 882 1576 suum

53 1588 106 1621 Ad
122 1598 162 1621 os
179 1587 323 1629 jacentis
340 1601 438 1623 nares
456 1591 490 1624 ὅ(
505 1589 652 1624 rostrum
668 1590 822 1634 applicat
839 1603 848 1628 ·,

54 1636 269 1681 Nullumque
285 1638 469 1683 postquam
485 1638 646 1682 spiritum
662 1639 768 1672 sensit
783 1652 790 1671 ε
809 1639 939 1674 Procul

52 1684 228 1719 Abeamus
240 1712 250 1726 ,
266 1687 381 1731 inquit
395 1701 404 1725 ·‚
419 1687 506 1721 istud
522 1687 671 1721 omnino
687 1688 799 1732 liquet

54 1733 213 1767 Cadaver
228 1734 295 1768 effe
309 1749 318 1774 ·,
333 1735 472 1780 jamque
487 1736 611 1770 foetere
625 1736 760 1780 incipit.

53 1781 167 1824 Quem
184 1783 263 1817 cum
280 1785 460 1829 prospexit
477 1783 672 1820 abscessisse
689 1784 829 1829 longius
846 1810 856 1826 ,

53 1829 106 1864 Ex
118 1832 239 1866 arbore
256 1834 392 1867 tandem
409 1833 551 1868 timidus
568 1833 744 1867 descendit
761 1844 878 1867 comes
894 1860 908 1875 ‚

0 1892 1 1923 3
55 1878 267 1926 sociumque
282 1883 454 1927 prendens
469 1894 477 1917 ι
495 1882 686 1919 Plurimum
703 1882 766 1917 tibi
783 1884 938 1929 gratulor
952 1908 964 1925 ‚

0 1933 2 1954 l
