1268 2361
214 84 451 127 LIBER
516 89 888 136 QUARTUS.
983 92 1045 139 79

230 343 397 388 Miluus
413 375 427 398 ,
448 342 607 387 Corvus
628 339 671 386 ἃ
690 341 868 401 Aquila.

60 414 135 496 C
148 466 175 491 A
188 467 213 490 R
223 466 249 490 N
260 467 283 490 Ε
294 466 328 490 Μ
344 466 526 501 rapuerat,
542 456 576 489 &
592 455 769 490 auferebat
785 455 920 490 Miluus
934 467 947 495 ᾗ

57 507 124 542 sed
137 507 233 540 illam
251 507 391 539 Corvus
404 504 472 538 ess‘e
488 505 669 538 contendit
682 505 778 538 suam
794 531 803 546 ,

58 555 198 600 sibique
214 564 349 598 raptam
365 556 512 594 clamat,
531 554 564 586 &
580 554 692 587 furem
709 554 836 600 arguit.

57 603 146 638 Tum
162 603 364 638 criminatus
381 604 467 637 alter
481 628 490 643 ,
507 603 547 635 de
563 603 647 635 dolo
664 604 757 636 malo
773 628 783 644 ,

58 651 308 697 Calumniaque
326 650 477 696 postulat
494 651 726 684 adversarium
744 663 754 689 ·‚

57 700 167 745 Seque
183 700 248 734 effe
265 700 377 734 furem
393 698 614 741 jurejurando
632 710 744 744 negat.

6 760 7 794 j
56 748 205 784 Fortaffe
223 750 362 782 Corvus
379 774 386 789 ‚
405 748 524 792 aperta
544 748 582 781 vi
598 747 732 780 irruens
750 774 758 788 ‚
776 758 880 792 queat

6 800 7 827 1
56 797 96 831 Id
108 807 308 842 recuperare
320 823 329 838 ‚
346 798 441 842 quod
457 796 526 830 sibi
541 806 676 841 raptum
692 796 788 829 dolet
804 809 813 834 3

55 845 123 880 Sed
134 845 237 880 novit
250 845 382 879 hostem
394 872 403 886 ‚
417 856 521 890 quam
535 845 580 878 sit
596 844 706 878 rostro
723 845 755 878 ἃ
770 844 945 892 unguibus

56 893 211 940 Pugnare
227 905 300 928 non
316 894 482 928 inhabilis
499 907 508 933 ·,
523 905 668 939 remque
689 894 814 928 maluit

56 943 229 986 Subjicere
242 943 390 989 legibus.
405 943 496 989 Ergo
510 944 547 976 in
562 942 615 984 ius
633 954 713 976 eum
727 953 848 977 vocat.

6 991 7 1014 ἓ
56 992 213 1037 Ειῖπιςιιε
227 992 294 1026 huc
307 992 434 1037 Aquila
449 990 601 1025 venisset
612 1017 622 1034 ,
635 992 726 1025 hanc
742 991 886 1026 humilis
902 991 1009 1027 cliens
1020 1016 1031 1034 ,

55 1039 104 1075 Ut
119 1052 161 1074 ne
176 1051 340 1087 gravetur
357 1040 423 1075 esse
441 1040 509 1074 sibi
525 1040 631 1083 judex
643 1067 651 1081 ‚
665 1051 776 1086 rogat.

55 1089 178 1134 Aquila
188 1115 197 1131 ‚
211 1090 363 1124 secandis
381 1101 456 1135 quae
475 1089 643 1123 clientum
658 1089 780 1123 litibus

6 1158 7 1161 =
55 1136 211 1182 Operam
227 1140 350 1172 debere
364 1139 398 1172 se
414 1148 533 1182 putat,
547 1149 620 1173 non
636 1138 757 1175 abnuit
772 1152 782 1176 ι

55 1187 145 1221 earo
155 1213 164 1228 ,
179 1188 279 1221 causa
292 1187 365 1221 litis
380 1213 389 1228 ,
407 1188 612 1221 exhibeatur
628 1187 792 1232 imperat.

55 1234 166 1279 Quam
180 1262 189 1276 ‚
204 1235 286 1278 juss‘a
301 1246 460 1269 metuens
477 1236 666 1270 detrectare
676 1263 685 1277 ,
701 1237 837 1272 Miluus

5 1311 7 1314 .
55 1283 214 1318 Sanetum
232 1286 274 1318 ad
288 1285 439 1318 tribunal
456 1284 679 1330 posteaquam
693 1286 840 1321 detulit:

54 1332 210 1368 secedite
221 1359 230 1375 ,
245 1334 361 1378 inquit
377 1333 437 1367 illa
453 1346 462 1372 ·‚
477 1335 709 1368 decretoriam

55 1380 269 1416 Sententiam
285 1382 362 1426 ipso
380 1381 529 1416 crastino
547 1383 600 1416 die
617 1383 737 1417 feram.

55 1430 221 1465 Condiaa
233 1431 334 1465 vcnit
347 1432 433 1465 hora
449 1444 456 1464 z
475 1433 614 1465 Corvus
628 1432 738 1466 adfuit
752 1445 761 1467 :

56 1477 121 1513 Sed
133 1479 350 1524 exspectatus
366 1479 449 1514 effet
465 1480 543 1514 etim
561 1480 642 1514 satis
659 1481 719 1514 diu
733 1507 743 1522 ‚

55 1527 127 1561 Nec
143 1538 359 1573 compareret
374 1529 508 1562 Miluus
521 1554 529 1569 ,
543 1529 670 1573 Aquila
687 1529 816 1564 extulit

53 1573 131 1610 Jam
145 1587 291 1610 vacuam
308 1578 349 1610 ab
365 1577 464 1611 omni
481 1578 724 1612 controversia
738 1581 859 1623 dapem
874 1591 885 1617 ·,

4 1639 5 1643 =
53 1623 329 1670 'Adiudicansque
345 1627 467 1660 Corvo
478 1652 487 1666 ,
505 1626 573 1660 ait:
591 1627 666 1660 Tua
682 1626 729 1661 est
746 1640 753 1662 :
769 1638 865 1672 cape.

54 1671 315 1718 Fatetur-fficium
331 1675 356 1708 is
372 1676 423 1719 qui
429 1675 582 1717 judicium
590 1675 689 1722 fugit.

500 1784 591 1833 &22³3

747 1922 844 1955 Div
