1303 2398
198 128 245 171 ἰν
410 126 980 172 PRAEFATIO.

206 209 270 260 qui
291 221 354 246 eas
374 205 544 260 legissent
559 237 570 255 ,
593 206 697 245 idem
718 206 797 245 fere
823 207 956 245 sentire
971 237 982 254 ‚
1004 206 1196 260 intelligei

202 275 284 299 rem
306 275 314 298 :
339 260 461 299 statim
484 262 521 298 in
545 262 715 299 animum
738 261 895 307 induxi,
920 261 1012 298 nihil
1038 275 1195 312 praeter-

203 316 354 354 mittere
376 345 387 361 ‚
415 316 505 367 quin
528 314 724 352 liberalem
743 344 754 362 ‚
780 312 1062 366 jucundamque
1088 313 1195 352 istam

203 368 482 420 benignitatem
498 398 509 415 ,
531 369 715 419 quantum
735 366 886 405 efficere
903 367 1126 406 meditando
1147 378 1200 405 at·

202 435 276 472 que
300 421 558 460 elucubrando
582 419 730 473 possem
746 451 756 468 ‚
784 434 1058 473 remunerarer.
1084 420 1167 472 Qui

202 487 329 514 autem
353 474 586 527 praestiterim
606 505 618 523 ,
644 488 737 513 mox
759 474 940 519 indicabo
960 503 972 522 ‚
994 473 1197 526 postquam

203 531 369 581 primum
395 529 442 567 de
469 528 541 567 hoc
558 558 568 575 ,
593 529 631 566 in
654 542 730 579 quo
754 541 817 566 me
840 529 992 566 exercui
1012 557 1025 575 ‚
1050 527 1198 566 fabula-

202 597 284 620 rum
312 596 452 635 genere
467 612 478 630 ,
498 596 618 633 pauca
640 581 846 620 disseruero
869 595 880 628 3
900 581 1039 620 deinde
1067 580 1197 620 osten-

204 636 298 673 dero
327 666 339 684 ‚
368 637 466 674 bene
495 636 610 673 latine
640 665 651 682 ‚
687 636 744 673 his
775 636 891 673 etiam
920 635 1158 687 temporibus
1182 664 1196 683 ,

203 688 311 727 scribi
349 689 489 740 aliquid
518 687 620 740 poffe
651 718 661 734 ‚
698 699 831 727 contra
868 688 984 740 quam
1019 688 1198 727 homines

205 745 329 795 gentis
353 742 486 781 nostrae
512 742 715 790 nonnulli,
738 742 924 795 ingeniosi
943 742 1126 794 quidem,
1154 742 1198 780 &

205 798 428 835 eruditionis
450 796 592 848 gallicae
615 810 693 833 non
716 807 893 847 expertes
913 825 924 842 ‚
949 807 986 834 at
1010 794 1198 846 ejusmodi

203 849 418 903 quaestionis
447 849 594 901 judices
624 850 780 887 minime
806 849 972 898 idonei,
1002 847 1196 889 existima-

202 916 288 943 runt
314 919 356 942 ac
380 903 686 957 pronuntiarunt.

254 1009 286 1049 Ι.
315 1011 568 1050 APOLOGI
602 1039 614 1057 ‚
655 1011 735 1049 sive
763 1009 999 1049 narrationes
1029 1008 1077 1048 de
1105 1009 1194 1048 ani-

205 1065 394 1103 mantibus
413 1095 424 1112 ‚
448 1064 608 1102 rebusve
635 1065 750 1102 etiam
772 1063 877 1102 sensu
900 1064 1114 1103 carentibus
1134 1065 1197 1102 in-

201 1117 335 1157 stitutae
351 1149 362 1165 ‚
389 1118 431 1156 &
454 1118 502 1156 ad
528 1118 729 1156 utilitatem
753 1118 954 1156 hominum
979 1117 1164 1156 transsatae
1183 1147 1196 1165 ‚

202 1186 339 1210 omnes
364 1172 458 1210 olim
482 1172 530 1209 ab
556 1170 692 1223 AEsopi
713 1173 871 1210 nomine
888 1201 900 1219 ‚
929 1173 995 1223 qui
1015 1173 1198 1210 inventor

204 1225 367 1277 ipsarum
389 1226 509 1279 vulgo
535 1224 745 1263 habebatur
762 1255 774 1273 ‚
800 1224 965 1276 AEsopiae
995 1237 1013 1262 1
1039 1224 1196 1263 Fabulae

204 1279 310 1318 dietae
335 1280 430 1317 sunt.
458 1278 722 1330 Quintilianus
751 1292 772 1316 2
797 1290 927 1316 tamen
953 1277 1028 1316 hoc
1052 1280 1197 1318 inven-

201 1346 285 1372 tum
305 1332 481 1372 Hesiodo
499 1363 510 1380 ‚
532 1333 596 1383 qui
618 1332 739 1370 multo
759 1345 844 1371 ante
866 1331 1054 1384 AEsopum
1071 1332 1168 1371 vixit
1182 1361 1204 1380 ,»

202 1388 451 1426 tribuendum
470 1386 595 1426 videri
618 1384 818 1439 significat.
841 1384 970 1424 Exstat
988 1385 1124 1424 revera
1144 1385 1193 1425 de

203 1441 402 1493 Accipitre
429 1440 470 1477 &
497 1439 663 1478 Aedone
691 1439 829 1477 fabella
858 1452 875 1490 3
907 1438 1084 1477 Hesiodi.
1114 1437 1195 1478 Sed

204 1496 315 1534 altius
345 1503 520 1546 repetere
555 1493 645 1530 licet
680 1494 868 1546 originem
897 1492 1153 1546 apologorum
1183 1523 1198 1542 ,

204 1548 370 1600 ipsisque
390 1548 506 1586 etiarn
525 1545 571 1583 ab
593 1546 832 1585 indubitabili
852 1547 1022 1584 veritatis
1041 1561 1083 1584 ac
1103 1545 1193 1584 san-

205 1602 338 1641 &itatis
360 1601 484 1641 omnis
506 1598 613 1639 fonte
636 1599 815 1639 arceffere
840 1599 1078 1653 dignitatem.
1102 1599 1192 1638 An-

247 1730 260 1752 1
288 1718 409 1752 Fabulle
423 1740 433 1754 ‚
461 1717 554 1761 inquit
575 1717 739 1750 Priscianus
756 1741 765 1756 ‚
789 1718 987 1748 nominantur
1008 1715 1079 1749 alia
1096 1715 1192 1749 AEso-

201 1763 256 1806 pite
272 1787 281 1800 ,
303 1761 372 1795 alia:
391 1763 508 1804 Cypriae
520 1783 530 1796 ,
553 1760 621 1791 aliae
642 1759 759 1802 Libyae
773 1783 784 1799 ‚
806 1759 875 1791 aliae
895 1759 1076 1802 Sybariticae
1095 1769 1106 1793 .·
1123 1771 1193 1792 om·

205 1817 258 1837 nes
281 1816 378 1835 aurem
398 1806 595 1835 communiter
611 1803 754 1845 AEsopife.

247 1860 266 1881 2
289 1847 413 1880 lustitut.
435 1847 522 1880 Orat.
544 1845 578 1879 L.
601 1846 641 1879 V.
666 1846 742 1890 Cap.
768 1845 829 1881 XI.

246 1901 263 1935 3
288 1890 437 1935 Opem&
458 1890 533 1925 dier.
555 1889 595 1924 V.
616 1899 692 1925 201.

1302 1746 1303 1761 l

1301 1764 1303 1774 l

1302 1797 1303 1809 l

1300 1819 1303 1837 l
