<?xml version="1.0" encoding="UTF-8"?>
<!DOCTYPE html PUBLIC "-//W3C//DTD XHTML 1.0 Transitional//EN"
    "http://www.w3.org/TR/xhtml1/DTD/xhtml1-transitional.dtd">
<html xmlns="http://www.w3.org/1999/xhtml" xml:lang="en" lang="en">
 <head>
  <title>
</title>
<meta http-equiv="Content-Type" content="text/html;charset=utf-8" />
  <meta name='ocr-system' content='tesseract 3.04.00' />
  <meta name='ocr-capabilities' content='ocr_page ocr_carea ocr_par ocr_line ocrx_word'/>
</head>
<body>
  <div class='ocr_page' id='page_1' title='image "./fabulaeaesopiaec00desbuoft_0013.png"; bbox 0 0 1320 2407; ppageno 0'>
   <div class='ocr_carea' id='block_1_1' title="bbox 322 98 1104 187">
    <p class='ocr_par' dir='ltr' id='par_1_1' title="bbox 20 98 1104 187">
     <span class='ocr_line' id='line_1_1' title="bbox 322 98 1104 187; baseline -0.038 0.577"><span class='ocrx_word' id='word_1_1' title='bbox 322 123 898 187; x_wconf 79' lang='lat' dir='ltr'><em>PRAEFATzo.</em></span> <span class='ocrx_word' id='word_1_2' title='bbox 1079 98 1104 159; x_wconf 62' lang='grc' dir='ltr'>ι)</span> 
     </span>
    </p>
   </div>
   <div class='ocr_carea' id='block_1_2' title="bbox 117 197 1105 389">
    <p class='ocr_par' dir='ltr' id='par_1_2' title="bbox 117 197 1105 389">
     <span class='ocr_line' id='line_1_2' title="bbox 117 197 1100 273; baseline -0.039 -4"><span class='ocrx_word' id='word_1_3' title='bbox 117 227 174 269; x_wconf 83' lang='lat' dir='ltr'>nis</span> <span class='ocrx_word' id='word_1_4' title='bbox 199 225 302 266; x_wconf 85' lang='lat' dir='ltr'>enim</span> <span class='ocrx_word' id='word_1_5' title='bbox 320 253 332 271; x_wconf 88' lang='lat'>,</span> <span class='ocrx_word' id='word_1_6' title='bbox 359 217 560 273; x_wconf 83' lang='lat' dir='ltr'>postquam</span> <span class='ocrx_word' id='word_1_7' title='bbox 586 211 732 251; x_wconf 85' lang='lat' dir='ltr'>obierat</span> <span class='ocrx_word' id='word_1_8' title='bbox 762 202 891 243; x_wconf 84' lang='lat' dir='ltr'>Moses</span> <span class='ocrx_word' id='word_1_9' title='bbox 914 229 926 247; x_wconf 87' lang='lat'><em>‚</em></span> <span class='ocrx_word' id='word_1_10' title='bbox 954 197 1100 236; x_wconf 72' lang='lat' dir='ltr'>circiter</span> 
     </span>
     <span class='ocr_line' id='line_1_3' title="bbox 117 250 1103 324; baseline -0.039 -2"><span class='ocrx_word' id='word_1_11' title='bbox 117 280 296 322; x_wconf 85' lang='lat' dir='ltr'><strong>trecentis</strong></span> <span class='ocrx_word' id='word_1_12' title='bbox 323 307 335 324; x_wconf 88' lang='lat'><strong>‚</strong></span> <span class='ocrx_word' id='word_1_13' title='bbox 362 273 487 313; x_wconf 62' lang='lat' dir='ltr'>fletam</span> <span class='ocrx_word' id='word_1_14' title='bbox 515 269 561 307; x_wconf 92' lang='lat' dir='ltr'>de</span> <span class='ocrx_word' id='word_1_15' title='bbox 591 262 785 304; x_wconf 80' lang='lat' dir='ltr'>arboribus</span> <span class='ocrx_word' id='word_1_16' title='bbox 811 287 822 305; x_wconf 83' lang='lat'><strong>‚</strong></span> <span class='ocrx_word' id='word_1_17' title='bbox 852 255 1002 306; x_wconf 80' lang='lat' dir='ltr'><strong>Regem</strong></span> <span class='ocrx_word' id='word_1_18' title='bbox 1034 250 1103 286; x_wconf 89' lang='lat' dir='ltr'>sibi</span> 
     </span>
     <span class='ocr_line' id='line_1_4' title="bbox 119 303 1105 389; baseline -0.038 -13"><span class='ocrx_word' id='word_1_19' title='bbox 119 331 393 389; x_wconf 84' lang='lat' dir='ltr'>postulantibus</span> <span class='ocrx_word' id='word_1_20' title='bbox 410 357 422 375; x_wconf 86' lang='lat'>‚</span> <span class='ocrx_word' id='word_1_21' title='bbox 445 322 623 364; x_wconf 76' lang='lat' dir='ltr'>fabellam</span> <span class='ocrx_word' id='word_1_22' title='bbox 641 316 732 356; x_wconf 85' lang='lat' dir='ltr'>sacri</span> <span class='ocrx_word' id='word_1_23' title='bbox 754 310 924 352; x_wconf 83' lang='lat' dir='ltr'>Codices</span> <span class='ocrx_word' id='word_1_24' title='bbox 947 319 972 353; x_wconf 90' lang='lat'>4</span> <span class='ocrx_word' id='word_1_25' title='bbox 993 303 1105 343; x_wconf 85' lang='lat' dir='ltr'>nobis</span> 
     </span>
    </p>
   </div>
   <div class='ocr_carea' id='block_1_3' title="bbox 122 387 304 429">
    <p class='ocr_par' dir='ltr' id='par_1_3' title="bbox 122 387 304 429">
     <span class='ocr_line' id='line_1_5' title="bbox 122 387 304 429; baseline -0.033 0"><span class='ocrx_word' id='word_1_26' title='bbox 122 387 304 429; x_wconf 84' lang='lat' dir='ltr'>offerunt.</span> 
     </span>
    </p>
   </div>
   <div class='ocr_carea' id='block_1_4' title="bbox 130 467 1115 591">
    <p class='ocr_par' dir='ltr' id='par_1_4' title="bbox 130 467 1115 591">
     <span class='ocr_line' id='line_1_6' title="bbox 178 467 1115 541; baseline -0.039 -5"><span class='ocrx_word' id='word_1_27' title='bbox 178 495 249 535; x_wconf 81' lang='lat' dir='ltr'>NE</span> <span class='ocrx_word' id='word_1_28' title='bbox 261 504 331 541; x_wconf 80' lang='lat' dir='ltr'>Qu</span> <span class='ocrx_word' id='word_1_29' title='bbox 343 502 367 529; x_wconf 81' lang='lat' dir='ltr'>E</span> <span class='ocrx_word' id='word_1_30' title='bbox 385 488 425 527; x_wconf 89' lang='lat' dir='ltr'>id</span> <span class='ocrx_word' id='word_1_31' title='bbox 442 484 644 536; x_wconf 84' lang='lat' dir='ltr'>redarguat</span> <span class='ocrx_word' id='word_1_32' title='bbox 664 467 1003 516; x_wconf 84' lang='lat' dir='ltr'>animadversionis</span> <span class='ocrx_word' id='word_1_33' title='bbox 1025 476 1115 502; x_wconf 88' lang='lat' dir='ltr'>cen-</span> 
     </span>
     <span class='ocr_line' id='line_1_7' title="bbox 130 545 470 591; baseline -0.035 0"><span class='ocrx_word' id='word_1_34' title='bbox 130 550 236 591; x_wconf 85' lang='lat' dir='ltr'>soriae</span> <span class='ocrx_word' id='word_1_35' title='bbox 260 545 439 586; x_wconf 85' lang='lat' dir='ltr'>severitas</span> <span class='ocrx_word' id='word_1_36' title='bbox 461 555 470 579; x_wconf 80' lang='lat' dir='ltr'><strong><em>z</em></strong></span> 
     </span>
    </p>
   </div>
   <div class='ocr_carea' id='block_1_5' title="bbox 188 621 1119 706">
    <p class='ocr_par' dir='ltr' id='par_1_5' title="bbox 188 621 1119 706">
     <span class='ocr_line' id='line_1_8' title="bbox 188 621 1119 706; baseline -0.04 -14"><span class='ocrx_word' id='word_1_37' title='bbox 188 651 298 706; x_wconf 74' lang='lat' dir='ltr'>Qudd</span> <span class='ocrx_word' id='word_1_38' title='bbox 317 647 460 686; x_wconf 86' lang='lat' dir='ltr'>arbores</span> <span class='ocrx_word' id='word_1_39' title='bbox 483 642 703 693; x_wconf 82' lang='lat' dir='ltr'>loquantur,</span> <span class='ocrx_word' id='word_1_40' title='bbox 723 646 794 671; x_wconf 86' lang='lat' dir='ltr'>non</span> <span class='ocrx_word' id='word_1_41' title='bbox 814 625 950 668; x_wconf 68' lang='lat' dir='ltr'>tantz&#39;zm</span> <span class='ocrx_word' id='word_1_42' title='bbox 963 621 1050 675; x_wconf 74' lang='lat' dir='ltr'>ftrae</span> <span class='ocrx_word' id='word_1_43' title='bbox 1068 633 1088 668; x_wconf 89' lang='lat'><em>5</em></span> <span class='ocrx_word' id='word_1_44' title='bbox 1110 632 1119 655; x_wconf 89' lang='lat'>:</span> 
     </span>
    </p>
   </div>
   <div class='ocr_carea' id='block_1_6' title="bbox 132 731 1135 1173">
    <p class='ocr_par' dir='ltr' id='par_1_6' title="bbox 132 731 1135 1173">
     <span class='ocr_line' id='line_1_9' title="bbox 132 731 943 802; baseline -0.039 -2"><span class='ocrx_word' id='word_1_45' title='bbox 132 760 223 800; x_wconf 88' lang='lat' dir='ltr'>licet</span> <span class='ocrx_word' id='word_1_46' title='bbox 241 757 345 796; x_wconf 88' lang='lat' dir='ltr'>enim</span> <span class='ocrx_word' id='word_1_47' title='bbox 359 784 370 802; x_wconf 85' lang='lat'><strong>‚</strong></span> <span class='ocrx_word' id='word_1_48' title='bbox 388 752 614 802; x_wconf 80' lang='lat' dir='ltr'><strong>semperque</strong></span> <span class='ocrx_word' id='word_1_49' title='bbox 633 740 761 781; x_wconf 86' lang='lat' dir='ltr'>licebit</span> <span class='ocrx_word' id='word_1_50' title='bbox 783 748 900 789; x_wconf 73' lang='lat' dir='ltr'>aegras</span> <span class='ocrx_word' id='word_1_51' title='bbox 919 731 943 769; x_wconf 89' lang='lat' dir='ltr'>h</span> 
     </span>
     <span class='ocr_line' id='line_1_10' title="bbox 135 784 1125 854; baseline -0.04 1"><span class='ocrx_word' id='word_1_52' title='bbox 135 825 286 854; x_wconf 81' lang='lat' dir='ltr'><strong>mentes</strong></span> <span class='ocrx_word' id='word_1_53' title='bbox 313 802 579 848; x_wconf 82' lang='lat' dir='ltr'>innocentibus</span> <span class='ocrx_word' id='word_1_54' title='bbox 606 797 701 849; x_wconf 71' lang='lat' dir='ltr'>‘jocis</span> <span class='ocrx_word' id='word_1_55' title='bbox 729 791 895 830; x_wconf 77' lang='lat' dir='ltr'>delenire</span> <span class='ocrx_word' id='word_1_56' title='bbox 918 816 929 834; x_wconf 90' lang='lat'><strong>‚</strong></span> <span class='ocrx_word' id='word_1_57' title='bbox 963 784 1125 822; x_wconf 81' lang='lat' dir='ltr'>sensim-</span> 
     </span>
     <span class='ocr_line' id='line_1_11' title="bbox 139 834 1126 920; baseline -0.04 -12"><span class='ocrx_word' id='word_1_58' title='bbox 139 879 213 920; x_wconf 85' lang='lat' dir='ltr'>que</span> <span class='ocrx_word' id='word_1_59' title='bbox 243 864 292 903; x_wconf 81' lang='lat' dir='ltr'>ad</span> <span class='ocrx_word' id='word_1_60' title='bbox 316 863 461 900; x_wconf 87' lang='lat' dir='ltr'>bonam</span> <span class='ocrx_word' id='word_1_61' title='bbox 489 849 746 907; x_wconf 82' lang='lat' dir='ltr'>appetendam</span> <span class='ocrx_word' id='word_1_62' title='bbox 775 844 926 895; x_wconf 75' lang='lat' dir='ltr'>frugem</span> <span class='ocrx_word' id='word_1_63' title='bbox 955 834 1126 876; x_wconf 76' lang='lat' dir='ltr'>ludendo</span> 
     </span>
     <span class='ocr_line' id='line_1_12' title="bbox 140 896 1129 960; baseline -0.037 0"><span class='ocrx_word' id='word_1_64' title='bbox 140 921 306 960; x_wconf 78' lang='lat' dir='ltr'><strong>allicere.</strong></span> <span class='ocrx_word' id='word_1_65' title='bbox 326 913 490 954; x_wconf 81' lang='lat' dir='ltr'>Fabellae</span> <span class='ocrx_word' id='word_1_66' title='bbox 514 919 643 948; x_wconf 86' lang='lat' dir='ltr'>tamen</span> <span class='ocrx_word' id='word_1_67' title='bbox 668 905 719 941; x_wconf 76' lang='lat' dir='ltr'>ita</span> <span class='ocrx_word' id='word_1_68' title='bbox 740 896 928 950; x_wconf 70' lang='lat' dir='ltr'>fingendae</span> <span class='ocrx_word' id='word_1_69' title='bbox 945 921 956 939; x_wconf 86' lang='lat'><strong>‚</strong></span> <span class='ocrx_word' id='word_1_70' title='bbox 991 900 1129 928; x_wconf 85' lang='lat' dir='ltr'>conte-</span> 
     </span>
     <span class='ocr_line' id='line_1_13' title="bbox 141 942 1131 1022; baseline -0.037 -8"><span class='ocrx_word' id='word_1_71' title='bbox 141 973 353 1022; x_wconf 84' lang='lat' dir='ltr'>xendaeque</span> <span class='ocrx_word' id='word_1_72' title='bbox 378 967 460 1006; x_wconf 85' lang='lat' dir='ltr'>sunt</span> <span class='ocrx_word' id='word_1_73' title='bbox 482 994 492 1010; x_wconf 90' lang='lat'><strong>‚</strong></span> <span class='ocrx_word' id='word_1_74' title='bbox 523 975 563 1000; x_wconf 87' lang='lat' dir='ltr'>ut</span> <span class='ocrx_word' id='word_1_75' title='bbox 588 959 667 998; x_wconf 82' lang='lat' dir='ltr'>suas</span> <span class='ocrx_word' id='word_1_76' title='bbox 693 955 918 1007; x_wconf 83' lang='lat' dir='ltr'>plerumque</span> <span class='ocrx_word' id='word_1_77' title='bbox 943 956 1068 997; x_wconf 83' lang='lat' dir='ltr'>partes</span> <span class='ocrx_word' id='word_1_78' title='bbox 1091 942 1131 978; x_wconf 82' lang='lat' dir='ltr'>in</span> 
     </span>
     <span class='ocr_line' id='line_1_14' title="bbox 145 995 1134 1067; baseline -0.037 0"><span class='ocrx_word' id='word_1_79' title='bbox 145 1030 190 1067; x_wconf 85' lang='lat' dir='ltr'>iis</span> <span class='ocrx_word' id='word_1_80' title='bbox 210 1024 336 1065; x_wconf 85' lang='lat' dir='ltr'>bestiae</span> <span class='ocrx_word' id='word_1_81' title='bbox 358 1019 588 1060; x_wconf 67' lang='lat' dir='ltr'>sustinean13</span> <span class='ocrx_word' id='word_1_82' title='bbox 611 1012 754 1064; x_wconf 81' lang='lat' dir='ltr'>quippe</span> <span class='ocrx_word' id='word_1_83' title='bbox 778 1016 860 1057; x_wconf 62' lang='lat' dir='ltr'>quae</span> <span class='ocrx_word' id='word_1_84' title='bbox 885 999 1040 1052; x_wconf 70' lang='lat' dir='ltr'>propius</span> <span class='ocrx_word' id='word_1_85' title='bbox 1063 995 1134 1032; x_wconf 80' lang='lat' dir='ltr'>ab-</span> 
     </span>
     <span class='ocr_line' id='line_1_15' title="bbox 147 1049 1135 1173; baseline -0.037 -52"><span class='ocrx_word' id='word_1_86' title='bbox 147 1079 228 1173; x_wconf 50' lang='lat' dir='ltr'>st‘pnt</span> <span class='ocrx_word' id='word_1_87' title='bbox 254 1078 300 1117; x_wconf 90' lang='lat' dir='ltr'>ab</span> <span class='ocrx_word' id='word_1_88' title='bbox 327 1071 546 1115; x_wconf 79' lang='lat' dir='ltr'>hominibus</span> <span class='ocrx_word' id='word_1_89' title='bbox 577 1063 748 1117; x_wconf 82' lang='lat' dir='ltr'>corporis</span> <span class='ocrx_word' id='word_1_90' title='bbox 776 1055 931 1098; x_wconf 75' lang='lat' dir='ltr'>animati</span> <span class='ocrx_word' id='word_1_91' title='bbox 956 1049 1135 1091; x_wconf 83' lang='lat' dir='ltr'>similitu-</span> 
     </span>
     <span class='ocr_line' id='line_1_16' title="bbox 178 1146 252 1173; baseline -0.014 0"><span class='ocrx_word' id='word_1_92' title='bbox 178 1146 252 1173; x_wconf 85' lang='lat' dir='ltr'>me.</span> 
     </span>
    </p>
   </div>
   <div class='ocr_carea' id='block_1_7' title="bbox 154 1212 1156 1600">
    <p class='ocr_par' dir='ltr' id='par_1_7' title="bbox 154 1212 1156 1600">
     <span class='ocr_line' id='line_1_17' title="bbox 208 1212 1143 1286; baseline -0.037 -6"><span class='ocrx_word' id='word_1_93' title='bbox 208 1239 406 1279; x_wconf 78' lang='lat' dir='ltr'>MULTA</span> <span class='ocrx_word' id='word_1_94' title='bbox 425 1233 537 1286; x_wconf 82' lang='lat' dir='ltr'>igitur</span> <span class='ocrx_word' id='word_1_95' title='bbox 554 1224 706 1281; x_wconf 86' lang='lat' dir='ltr'>possunt</span> <span class='ocrx_word' id='word_1_96' title='bbox 723 1223 761 1261; x_wconf 89' lang='lat' dir='ltr'>in</span> <span class='ocrx_word' id='word_1_97' title='bbox 779 1220 855 1258; x_wconf 88' lang='lat' dir='ltr'>hoc</span> <span class='ocrx_word' id='word_1_98' title='bbox 875 1212 1061 1255; x_wconf 86' lang='lat' dir='ltr'>scribendi</span> <span class='ocrx_word' id='word_1_99' title='bbox 1080 1221 1143 1263; x_wconf 76' lang='lat' dir='ltr'>ge-</span> 
     </span>
     <span class='ocr_line' id='line_1_18' title="bbox 154 1263 1144 1335; baseline -0.037 0"><span class='ocrx_word' id='word_1_100' title='bbox 154 1306 246 1334; x_wconf 82' lang='lat' dir='ltr'>nere</span> <span class='ocrx_word' id='word_1_101' title='bbox 277 1288 448 1330; x_wconf 78' lang='lat' dir='ltr'>adhiberi</span> <span class='ocrx_word' id='word_1_102' title='bbox 469 1314 480 1332; x_wconf 78' lang='lat'><strong>‚</strong></span> <span class='ocrx_word' id='word_1_103' title='bbox 509 1296 594 1335; x_wconf 80' lang='lat' dir='ltr'>quae</span> <span class='ocrx_word' id='word_1_104' title='bbox 621 1277 711 1316; x_wconf 85' lang='lat' dir='ltr'>falsa</span> <span class='ocrx_word' id='word_1_105' title='bbox 739 1274 835 1312; x_wconf 86' lang='lat' dir='ltr'>sunt.</span> <span class='ocrx_word' id='word_1_106' title='bbox 870 1268 970 1307; x_wconf 83' lang='lat' dir='ltr'>Nam</span> <span class='ocrx_word' id='word_1_107' title='bbox 993 1296 1006 1314; x_wconf 88' lang='lat'>‚</span> <span class='ocrx_word' id='word_1_108' title='bbox 1032 1263 1144 1303; x_wconf 76' lang='lat' dir='ltr'>verbi</span> 
     </span>
     <span class='ocr_line' id='line_1_19' title="bbox 158 1317 1149 1402; baseline -0.035 -15"><span class='ocrx_word' id='word_1_109' title='bbox 158 1346 277 1402; x_wconf 60' lang='lat' dir='ltr'>grati&amp;</span> <span class='ocrx_word' id='word_1_110' title='bbox 291 1375 304 1392; x_wconf 84' lang='lat'>‚</span> <span class='ocrx_word' id='word_1_111' title='bbox 327 1344 460 1393; x_wconf 86' lang='lat' dir='ltr'>lupum</span> <span class='ocrx_word' id='word_1_112' title='bbox 481 1338 520 1376; x_wconf 88' lang='lat'>&amp;</span> <span class='ocrx_word' id='word_1_113' title='bbox 544 1345 681 1387; x_wconf 78' lang='lat' dir='ltr'>agnum</span> <span class='ocrx_word' id='word_1_114' title='bbox 702 1341 783 1367; x_wconf 86' lang='lat' dir='ltr'>non</span> <span class='ocrx_word' id='word_1_115' title='bbox 805 1323 925 1364; x_wconf 69' lang='lat' dir='ltr'>morlo</span> <span class='ocrx_word' id='word_1_116' title='bbox 948 1319 1055 1371; x_wconf 84' lang='lat' dir='ltr'>loqui</span> <span class='ocrx_word' id='word_1_117' title='bbox 1076 1317 1149 1355; x_wconf 72' lang='lat' dir='ltr'>fal-</span> 
     </span>
     <span class='ocr_line' id='line_1_20' title="bbox 159 1380 1150 1444; baseline -0.035 -3"><span class='ocrx_word' id='word_1_118' title='bbox 159 1403 240 1441; x_wconf 84' lang='lat' dir='ltr'>sum</span> <span class='ocrx_word' id='word_1_119' title='bbox 263 1396 316 1437; x_wconf 88' lang='lat' dir='ltr'>est</span> <span class='ocrx_word' id='word_1_120' title='bbox 333 1426 345 1444; x_wconf 90' lang='lat'>‚</span> <span class='ocrx_word' id='word_1_121' title='bbox 372 1393 439 1433; x_wconf 88' lang='lat' dir='ltr'>sed</span> <span class='ocrx_word' id='word_1_122' title='bbox 460 1400 603 1429; x_wconf 65' lang='lat' dir='ltr'>naturae</span> <span class='ocrx_word' id='word_1_123' title='bbox 627 1386 742 1424; x_wconf 73' lang='lat' dir='ltr'>etiam</span> <span class='ocrx_word' id='word_1_124' title='bbox 768 1380 906 1432; x_wconf 77' lang='lat' dir='ltr'>lupinae</span> <span class='ocrx_word' id='word_1_125' title='bbox 930 1382 1116 1425; x_wconf 80' lang='lat' dir='ltr'>repugnat</span> <span class='ocrx_word' id='word_1_126' title='bbox 1137 1399 1150 1417; x_wconf 90' lang='lat'>,</span> 
     </span>
     <span class='ocr_line' id='line_1_21' title="bbox 162 1423 1152 1494; baseline -0.034 0"><span class='ocrx_word' id='word_1_127' title='bbox 162 1456 270 1494; x_wconf 86' lang='lat' dir='ltr'>illum</span> <span class='ocrx_word' id='word_1_128' title='bbox 290 1453 330 1489; x_wconf 88' lang='lat' dir='ltr'>in</span> <span class='ocrx_word' id='word_1_129' title='bbox 349 1445 634 1487; x_wconf 81' lang='lat' dir='ltr'>altercationem</span> <span class='ocrx_word' id='word_1_130' title='bbox 657 1436 809 1481; x_wconf 82' lang='lat' dir='ltr'>delabi,</span> <span class='ocrx_word' id='word_1_131' title='bbox 832 1431 923 1470; x_wconf 89' lang='lat' dir='ltr'>dum</span> <span class='ocrx_word' id='word_1_132' title='bbox 945 1439 1082 1479; x_wconf 87' lang='lat' dir='ltr'>potens</span> <span class='ocrx_word' id='word_1_133' title='bbox 1104 1423 1152 1460; x_wconf 93' lang='lat' dir='ltr'>il-</span> 
     </span>
     <span class='ocr_line' id='line_1_22' title="bbox 163 1481 1152 1555; baseline -0.035 -7"><span class='ocrx_word' id='word_1_134' title='bbox 163 1507 317 1548; x_wconf 86' lang='lat' dir='ltr'>lecebra</span> <span class='ocrx_word' id='word_1_135' title='bbox 351 1502 454 1555; x_wconf 81' lang='lat' dir='ltr'>cogit</span> <span class='ocrx_word' id='word_1_136' title='bbox 483 1528 494 1545; x_wconf 91' lang='lat'>,</span> <span class='ocrx_word' id='word_1_137' title='bbox 532 1507 573 1534; x_wconf 88' lang='lat' dir='ltr'>ut</span> <span class='ocrx_word' id='word_1_138' title='bbox 600 1492 722 1531; x_wconf 79' lang='lat' dir='ltr'>statim</span> <span class='ocrx_word' id='word_1_139' title='bbox 751 1490 790 1526; x_wconf 88' lang='lat' dir='ltr'>in</span> <span class='ocrx_word' id='word_1_140' title='bbox 826 1483 993 1537; x_wconf 83' lang='lat' dir='ltr'>praedam</span> <span class='ocrx_word' id='word_1_141' title='bbox 1024 1481 1152 1517; x_wconf 73' lang='lat' dir='ltr'>irruat.</span> 
     </span>
     <span class='ocr_line' id='line_1_23' title="bbox 164 1531 1156 1600; baseline -0.034 1"><span class='ocrx_word' id='word_1_142' title='bbox 164 1561 278 1600; x_wconf 89' lang='lat' dir='ltr'>Tunc</span> <span class='ocrx_word' id='word_1_143' title='bbox 308 1569 435 1596; x_wconf 82' lang='lat' dir='ltr'>autern</span> <span class='ocrx_word' id='word_1_144' title='bbox 464 1551 591 1590; x_wconf 86' lang='lat' dir='ltr'>feritas</span> <span class='ocrx_word' id='word_1_145' title='bbox 620 1545 703 1595; x_wconf 62' lang='lat' dir='ltr'>eius</span> <span class='ocrx_word' id='word_1_146' title='bbox 732 1540 902 1580; x_wconf 83' lang='lat' dir='ltr'>cohiberi</span> <span class='ocrx_word' id='word_1_147' title='bbox 931 1566 942 1584; x_wconf 89' lang='lat'>‚</span> <span class='ocrx_word' id='word_1_148' title='bbox 980 1535 1020 1573; x_wconf 75' lang='grc' dir='ltr'>ὃ(</span> <span class='ocrx_word' id='word_1_149' title='bbox 1050 1531 1156 1584; x_wconf 84' lang='lat' dir='ltr'>quasi</span> 
     </span>
    </p>
   </div>
   <div class='ocr_carea' id='block_1_8' title="bbox 170 1587 1160 1718">
    <p class='ocr_par' dir='ltr' id='par_1_8' title="bbox 170 1587 1160 1718">
     <span class='ocr_line' id='line_1_24' title="bbox 170 1587 1157 1666; baseline -0.034 -12"><span class='ocrx_word' id='word_1_150' title='bbox 170 1612 343 1666; x_wconf 89' lang='lat' dir='ltr'>suspendi</span> <span class='ocrx_word' id='word_1_151' title='bbox 363 1608 415 1648; x_wconf 85' lang='lat' dir='ltr'>fin</span> <span class='ocrx_word' id='word_1_152' title='bbox 445 1608 529 1645; x_wconf 86' lang='lat' dir='ltr'>itur.</span> <span class='ocrx_word' id='word_1_153' title='bbox 555 1601 653 1653; x_wconf 85' lang='lat' dir='ltr'>Quo</span> <span class='ocrx_word' id='word_1_154' title='bbox 676 1598 766 1636; x_wconf 85' lang='lat' dir='ltr'>dato</span> <span class='ocrx_word' id='word_1_155' title='bbox 786 1624 797 1642; x_wconf 89' lang='lat'>‚</span> <span class='ocrx_word' id='word_1_156' title='bbox 823 1592 900 1642; x_wconf 66' lang='lat' dir='ltr'>‘lam</span> <span class='ocrx_word' id='word_1_157' title='bbox 923 1603 990 1628; x_wconf 85' lang='lat' dir='ltr'>eos</span> <span class='ocrx_word' id='word_1_158' title='bbox 1013 1587 1157 1625; x_wconf 82' lang='lat' dir='ltr'>sermo-</span> 
     </span>
     <span class='ocr_line' id='line_1_25' title="bbox 172 1638 1160 1718; baseline -0.034 -10"><span class='ocrx_word' id='word_1_159' title='bbox 172 1682 239 1708; x_wconf 88' lang='lat' dir='ltr'>nes</span> <span class='ocrx_word' id='word_1_160' title='bbox 256 1696 268 1715; x_wconf 91' lang='lat'>,</span> <span class='ocrx_word' id='word_1_161' title='bbox 293 1677 389 1718; x_wconf 90' lang='lat' dir='ltr'>quos</span> <span class='ocrx_word' id='word_1_162' title='bbox 440 1658 587 1699; x_wconf 80' lang='lat' dir='ltr'>haedrus</span> <span class='ocrx_word' id='word_1_163' title='bbox 616 1655 658 1694; x_wconf 89' lang='lat'>&amp;</span> <span class='ocrx_word' id='word_1_164' title='bbox 681 1651 856 1690; x_wconf 82' lang='lat' dir='ltr'>Fontana</span> <span class='ocrx_word' id='word_1_165' title='bbox 879 1642 1047 1683; x_wconf 83' lang='lat' dir='ltr'>referunt</span> <span class='ocrx_word' id='word_1_166' title='bbox 1067 1669 1078 1687; x_wconf 91' lang='lat'>,</span> <span class='ocrx_word' id='word_1_167' title='bbox 1100 1638 1160 1676; x_wconf 90' lang='lat' dir='ltr'>lu-</span> 
     </span>
    </p>
   </div>
   <div class='ocr_carea' id='block_1_9' title="bbox 177 1742 1163 1860">
    <p class='ocr_par' dir='ltr' id='par_1_9' title="bbox 177 1742 1163 1860">
     <span class='ocr_line' id='line_1_26' title="bbox 219 1742 1160 1813; baseline -0.035 -6"><span class='ocrx_word' id='word_1_168' title='bbox 219 1783 241 1813; x_wconf 88' lang='lat'>4</span> <span class='ocrx_word' id='word_1_169' title='bbox 263 1771 359 1807; x_wconf 63' lang='lat' dir='ltr'>judic.</span> <span class='ocrx_word' id='word_1_170' title='bbox 385 1769 463 1808; x_wconf 80' lang='lat' dir='ltr'>Cap.</span> <span class='ocrx_word' id='word_1_171' title='bbox 487 1765 548 1797; x_wconf 88' lang='lat' dir='ltr'>IX.</span> <span class='ocrx_word' id='word_1_172' title='bbox 570 1761 610 1794; x_wconf 67' lang='lat' dir='ltr'>V.</span> <span class='ocrx_word' id='word_1_173' title='bbox 633 1761 665 1792; x_wconf 78' lang='lat'>8.</span> <span class='ocrx_word' id='word_1_174' title='bbox 691 1754 822 1799; x_wconf 67' lang='lat' dir='ltr'>Apologi</span> <span class='ocrx_word' id='word_1_175' title='bbox 849 1759 972 1794; x_wconf 72' lang='lat' dir='ltr'>quoque</span> <span class='ocrx_word' id='word_1_176' title='bbox 1000 1747 1085 1781; x_wconf 71' lang='lat' dir='ltr'>sunt,</span> <span class='ocrx_word' id='word_1_177' title='bbox 1111 1742 1160 1785; x_wconf 78' lang='grc' dir='ltr'><strong>(μιῖ</strong></span> 
     </span>
     <span class='ocr_line' id='line_1_27' title="bbox 177 1787 1163 1860; baseline -0.033 -10"><span class='ocrx_word' id='word_1_178' title='bbox 177 1818 316 1860; x_wconf 75' lang='lat' dir='ltr'>leguntur</span> <span class='ocrx_word' id='word_1_179' title='bbox 336 1813 412 1854; x_wconf 75' lang='lat' dir='ltr'>Reg.</span> <span class='ocrx_word' id='word_1_180' title='bbox 434 1810 467 1842; x_wconf 89' lang='lat' dir='ltr'>L.</span> <span class='ocrx_word' id='word_1_181' title='bbox 489 1807 528 1839; x_wconf 89' lang='lat' dir='ltr'>Il.</span> <span class='ocrx_word' id='word_1_182' title='bbox 553 1805 631 1846; x_wconf 77' lang='lat' dir='ltr'>Cap.</span> <span class='ocrx_word' id='word_1_183' title='bbox 652 1801 724 1834; x_wconf 82' lang='lat' dir='ltr'>Xll.</span> <span class='ocrx_word' id='word_1_184' title='bbox 744 1798 784 1831; x_wconf 81' lang='lat' dir='ltr'>V.</span> <span class='ocrx_word' id='word_1_185' title='bbox 808 1807 836 1829; x_wconf 93' lang='lat'>1.</span> <span class='ocrx_word' id='word_1_186' title='bbox 860 1796 936 1836; x_wconf 68' lang='lat' dir='ltr'>cap.</span> <span class='ocrx_word' id='word_1_187' title='bbox 957 1790 1042 1824; x_wconf 85' lang='lat' dir='ltr'>XlV.</span> <span class='ocrx_word' id='word_1_188' title='bbox 1066 1787 1106 1820; x_wconf 79' lang='lat' dir='ltr'>V.</span> <span class='ocrx_word' id='word_1_189' title='bbox 1133 1795 1163 1827; x_wconf 85' lang='lat'>5.</span> 
     </span>
    </p>
   </div>
   <div class='ocr_carea' id='block_1_10' title="bbox 179 1848 736 1945">
    <p class='ocr_par' dir='ltr' id='par_1_10' title="bbox 179 1848 736 1945">
     <span class='ocr_line' id='line_1_28' title="bbox 179 1848 644 1897; baseline -0.034 -3"><span class='ocrx_word' id='word_1_190' title='bbox 179 1860 244 1894; x_wconf 70' lang='lat' dir='ltr'>hl).</span> <span class='ocrx_word' id='word_1_191' title='bbox 267 1857 322 1890; x_wconf 79' lang='grc' dir='ltr'>Ν.</span> <span class='ocrx_word' id='word_1_192' title='bbox 343 1856 422 1897; x_wconf 81' lang='lat' dir='ltr'>Cap.</span> <span class='ocrx_word' id='word_1_193' title='bbox 442 1850 530 1884; x_wconf 80' lang='lat' dir='ltr'><strong>XIV.</strong></span> <span class='ocrx_word' id='word_1_194' title='bbox 550 1848 590 1880; x_wconf 92' lang='lat' dir='ltr'>V.</span> <span class='ocrx_word' id='word_1_195' title='bbox 611 1856 644 1886; x_wconf 74' lang='lat' dir='ltr'>t).</span> 
     </span>
     <span class='ocr_line' id='line_1_29' title="bbox 228 1886 736 1945; baseline -0.031 -9"><span class='ocrx_word' id='word_1_196' title='bbox 228 1912 240 1945; x_wconf 86' lang='lat'>5</span> <span class='ocrx_word' id='word_1_197' title='bbox 267 1898 381 1935; x_wconf 71' lang='lat' dir='ltr'>Phaedr.</span> <span class='ocrx_word' id='word_1_198' title='bbox 400 1895 465 1930; x_wconf 84' lang='lat' dir='ltr'>Lib.</span> <span class='ocrx_word' id='word_1_199' title='bbox 486 1893 512 1928; x_wconf 88' lang='grc' dir='ltr'>Ι.</span> <span class='ocrx_word' id='word_1_200' title='bbox 535 1889 617 1925; x_wconf 84' lang='lat' dir='ltr'>Ptol.</span> <span class='ocrx_word' id='word_1_201' title='bbox 640 1888 680 1922; x_wconf 77' lang='lat' dir='ltr'>V.</span> <span class='ocrx_word' id='word_1_202' title='bbox 703 1886 736 1920; x_wconf 87' lang='lat'>6.</span> 
     </span>
    </p>
   </div>
   <div class='ocr_carea' id='block_1_11' title="bbox 911 1934 1005 1986">
    <p class='ocr_par' dir='ltr' id='par_1_11' title="bbox 911 1934 1005 1986">
     <span class='ocr_line' id='line_1_30' title="bbox 911 1934 1005 1986; baseline -0.043 -8"><span class='ocrx_word' id='word_1_203' title='bbox 911 1953 936 1978; x_wconf 86' lang='lat' dir='ltr'><em>a</em></span> <span class='ocrx_word' id='word_1_204' title='bbox 964 1934 1005 1986; x_wconf 80' lang='lat' dir='ltr'>iij</span> 
     </span>
    </p>
   </div>
   <div class='ocr_carea' id='block_1_12' title="bbox 0 1621 87 2407">
    <p class='ocr_par' dir='ltr' id='par_1_12' title="bbox 0 1621 87 2407">
     <span class='ocr_line' id='line_1_31' title="bbox 0 1621 87 2407; baseline 0 0"><span class='ocrx_word' id='word_1_205' title='bbox 0 1621 87 2407; x_wconf 95' lang='lat' dir='ltr'> </span> 
     </span>
    </p>
   </div>
  </div>
 </body>
</html>
