1268 2361
205 124 441 170 LIBER
494 132 808 167 SEXTUS.
927 137 1008 168 121

28 207 261 254 lapidemque
280 207 374 240 collo
390 205 539 249 denique
557 215 721 249 magnum
739 203 902 249 subligat.

29 253 312 292 Sicexornatum
328 254 501 298 protrahit
515 280 524 294 ‚
541 253 601 286 sub
620 252 792 297 proximae

29 305 166 340 Paludis
183 306 309 337 undam
323 304 534 336 detrusuru5.
555 303 599 334 At
614 303 730 334 Senex
745 314 753 334 :

29 355 120 388 Nam
134 353 238 398 quid,
253 353 336 385 here
350 378 360 393 ,
377 351 467 384 dixit
482 378 490 392 ‚
504 350 671 384 facinoris
686 350 756 383 feci
773 349 877 383 miser
888 375 897 390 ,

31 402 82 437 'Ut
96 413 175 447 agas
190 412 259 434 tam
275 400 415 441 acerbe,
431 410 571 443 tamque
586 399 776 432 inhumane
791 425 800 440 ‚
817 400 850 432 δε
867 410 979 433 meam

28 451 120 485 Tam
135 452 276 493 longam
293 450 498 482 servitutem
515 449 566 481 sic
583 459 782 481 remuneres
798 450 811 482 ?

32 499 117 536 Vim
129 499 286 532 veritatis
304 499 406 531 sentit
421 499 524 530 herus
539 510 546 531 ε
565 498 653 530 hanc
669 496 841 541 opprimit
855 510 866 535 ·,

33 547 78 592 Ets
88 547 343 582 fraudulentam
357 556 537 590 comparat
553 546 764 579 calumniam
782 558 790 578 t

33 595 116 630 'ren'
130 596 254 629 vivere
266 622 274 636 ,
291 595 425 640 inquit,
443 595 554 639 patiar
569 596 659 627 ultra
673 621 682 635 ‚
700 606 804 639 quem
819 603 915 628 tenet

32 642 178 679 Occulta
195 645 306 678 rabies
324 646 337 678 ?
353 655 510 688 moxque
526 643 720 677 demersum
738 653 849 676 necat.

81 693 152 736 Qui
168 693 285 726 statuit
300 693 454 736 aliquem
471 694 613 736 perdere
629 692 784 725 invisum
800 691 867 725 sibi
878 718 887 732 ,

6 742 7 749 ¹
30 740 72 777 Si
84 741 168 786 Justa
185 742 275 775 ratio
289 743 383 774 nulla
399 743 444 774 sit
455 767 464 782 ‚
477 741 595 774 falsam
612 739 763 774 invenit.

152 819 623 867 ..ςπέἑῌὲὲ
633 833 892 859 που

233 909 265 953 F
299 906 340 950 A
376 907 408 952 B
454 907 499 952 U
539 907 575 952 L
612 907 650 951 A
736 909 755 953 I
789 908 821 954 I.

294 1003 432 1063 Usfus
453 1000 496 1047 δ’
516 1003 644 1048 Uxor
657 1003 760 1060 ejus.

0 1111 3 1142 ἶ
39 1075 160 1153 Du
172 1127 205 1151 M
223 1119 300 1150 vuit
318 1116 447 1151 amoris
464 1118 577 1150 mutui
594 1127 726 1164 gratam
741 1118 859 1152 vicem

0 1166 6 1186 ¹
37 1166 173 1210 Lepidis
184 1192 194 1208 ,
209 1165 362 1199 venustis
379 1167 535 1199 excitare
549 1167 682 1200 lusibus
697 1193 707 1208 ‚

6 1252 9 1254 ,
39 1214 193 1296 getulum
210 1216 348 1248 revellit
364 1215 470 1248 Ursus
491 1215 604 1248 Uxori
621 1215 689 1248 suae
704 1229 712 1249 :

65 1264 214 1308 imulque
229 1263 370 1296 violens
388 1263 523 1306 proprii
540 1265 635 1296 ultor
650 1263 808 1298 criminis

10 1319 11 1322 ’
26 1307 27 1313 ’
40 1311 178 1355 Ungues
192 1311 350 1346 scelestos
367 1311 433 1344 sibi
449 1312 618 1344 revellere
635 1311 770 1357 incipit.

41 1359 86 1393 At
98 1359 155 1393 illa
169 1371 324 1393 moerens
339 1373 346 1393 ε
365 1360 480 1403 Quid,
497 1359 563 1400 ait,
579 1360 744 1394 incassum
761 1361 844 1394 furis
861 1364 873 1396 ‚³

30 1407 117 1442 'Hoc
131 1408 244 1442 facere
261 1409 377 1442 decuit
391 1435 401 1450 ,
417 1420 472 1441 me
488 1409 688 1453 priusquam
705 1420 863 1454 tangeres
878 1423 888 1445 :

41 1456 138 1494 Nunc
155 1457 188 1490 δι
203 1457 267 1491 tibi
283 1468 388 1490 noces
400 1483 408 1498 ,
425 1458 458 1491 &
475 1458 560 1490 mihi
577 1459 702 1501 prodes
720 1459 819 1492 nihil.

87 1504 169 1538 Haec
183 1506 295 1539 fabum
312 1507 413 1539 docet
424 1533 432 1546 ‚
448 1506 529 1539 faffi
545 1507 794 1550 poenitentiam

41 1551 156 1588 Seram
171 1553 237 1588 esse
252 1580 260 1595 ,
277 1555 404 1588 damno
417 1566 496 1600 quae
513 1555 643 1588 mederi
657 1566 730 1589 non
745 1555 869 1600 potest.

471 1751 594 1806 *mx*
