1268 2361
222 96 271 140 -P
305 96 347 139 R
382 96 445 140 AE
479 96 520 139 F
542 97 585 140 A
621 94 662 138 T
691 97 718 139 J
751 95 807 140 ο.
901 94 1038 152 xxiij.

0 172 138 233 J-guris
157 207 170 226 ‚
204 191 251 216 ex
281 190 353 216 aere
386 176 500 215 inciso
535 177 722 228 expressis
744 205 755 224 ‚
786 175 1026 230 elegantibus

36 233 229 272 adornatae
255 232 479 284 prodierunt
509 230 645 270 Romae
671 243 771 268 anno
808 229 909 281 1564
926 260 938 276 ‚
964 243 1027 269 at-

35 299 110 339 que
145 284 290 325 Carolo
326 285 543 324 Borromeo
579 283 757 322 cardinali
794 283 1029 322 sanfiissimo

37 341 222 380 dedicatae
246 339 340 378 sunt.
370 339 450 377 Has
476 339 596 391 longo
623 336 705 390 post
729 350 907 389 tempore
938 339 996 376 vir
1015 367 1029 386 ‚

37 405 78 433 ut
97 395 255 446 accepi,
280 407 358 432 non
381 394 578 432 illiteratus
596 421 607 439 ,
630 394 788 430 nomine
811 391 997 444 Mayolus
1014 421 1029 438 ,

33 450 75 487 in
109 448 227 487 libros
262 450 430 500 quinque
467 445 678 484 distributas
704 475 717 493 ,
753 460 854 484 anno
894 445 994 497 1697
1016 474 1031 494 ,

34 501 183 541 Parisiis
209 501 342 541 edidit.
371 499 492 551 Cujus
518 499 673 553 quidem
697 499 875 538 editionis
899 499 1031 538 inscri-

35 557 119 610 ptio
140 555 224 594 talis
248 555 301 594 est
321 569 330 593 z
352 556 528 594 Phaedrus
550 554 670 599 alter,
685 553 749 605 Jku
773 554 871 592 Gah.
892 555 1030 593 Faernz‘

36 611 282 650 Cremonensis
309 610 459 648 Fabulae
487 623 533 646 ex
554 606 694 660 AEsbpo
722 608 875 659 aliisique
897 608 1030 661 priscis

35 663 249 704 Auaorihus
272 665 337 703 Pii
359 665 420 703 IV
434 665 546 703 Pont.
572 676 672 700 max.
694 663 838 700 hortatu
853 662 999 715 scriptae
1014 691 1030 708 ‚

35 715 187 771 &juffu
208 718 311 755 editae
334 732 430 756 anno
454 723 542 765 ¹564
556 746 568 763 ‚
588 729 684 754 nunc
700 717 855 768 primicm
877 717 915 754 in
934 716 1032 754 Gal-

35 771 90 809 lia
106 801 119 819 ,
142 785 304 823 novoque
326 772 450 810 ordine
471 771 652 824 prodeunt
669 798 683 816 ‚
711 770 764 807 ad
785 769 884 822 usum
911 771 1026 809 Scho-

35 825 154 864 larum
175 827 459 864 accommodato.

91 930 224 972 XIII.
252 931 436 972 CAESAR
463 930 736 970 PAvEsms
758 960 771 978 ‚
803 931 866 985 qui
895 930 1029 973 Petrus

0 1003 3 1007 ·
37 983 167 1039 Targa
192 987 378 1039 appellari
404 986 537 1026 maluit
557 1016 568 1034 ,
598 984 758 1024 fabellas
786 988 929 1038 primus
949 1017 961 1034 ‚
990 988 1030 1026 ni

37 1038 149 1079 fallor
171 1069 186 1090 ,
214 1039 399 1080 Italorum
428 1040 562 1079 italicis
591 1039 764 1078 versibus
797 1041 1029 1093 composuit.

37 1091 112 1132 Eas
125 1123 138 1142 ‚
161 1108 323 1134 numero
343 1106 499 1134 centum
520 1096 562 1133 &
581 1094 854 1185 quinquaffiinta
870 1125 882 1140 .,
905 1095 1030 1134 bonas

37 1147 187 1200 oppidi>
206 1178 219 1196 ‚
248 1148 535 1200 prudenterque
562 1161 606 1185 ac
633 1160 737 1186 venu
771 1148 791 1185 ὲ
818 1150 1030 1187 concinna-

36 1211 94 1239 tas
112 1231 125 1249 ‚
150 1202 325 1255 vulgavit
354 1202 531 1241 Venetiis
555 1215 657 1239 anno
688 1200 789 1253 1569
817 1215 826 1240 ε
853 1202 918 1241 sed
946 1204 1030 1255 epi-

22 1252 174 1294 ‘stolam
189 1285 205 1302 ,
224 1256 300 1308 qua
315 1256 455 1294 librum
475 1255 576 1294 dicat
591 1283 603 1302 ,
625 1253 769 1306 scripsit
785 1268 887 1295 anno
911 1255 1030 1309 1558.

91 1359 225 1400 XIV.
250 1359 663 1400 JOANNEs-MARIUS
691 1360 987 1401 mezows
1013 1371 1031 1412 ;

38 1414 261 1467 exemplum
288 1413 437 1453 Pavesii
463 1412 610 1454 secutus
629 1444 642 1462 ,
672 1427 827 1454 centum
853 1415 997 1454 fabulas
1014 1445 1030 1465 ,

38 1468 211 1507 versibus
234 1469 375 1520 pariter
396 1467 547 1521 scriptas
570 1469 701 1508 italicis
718 1499 731 1516 ‚
757 1469 882 1508 emisit
904 1471 943 1508 in
965 1469 1030 1508 lu-

38 1534 124 1560 cem
143 1536 247 1561 anno
272 1534 375 1574 1570
392 1551 404 1570 ,
423 1521 620 1571 Veneriis,
646 1537 733 1562 cum
754 1522 884 1577 figuris
898 1553 911 1571 ,
934 1537 1028 1576 quas

38 1574 116 1627 ipse
147 1575 425 1615 delineaverat.
460 1575 535 1614 Hic
568 1577 875 1616 animadvertere
901 1577 990 1616 licet
1014 1607 1028 1626 ‚

38 1628 206 1668 fabulam
233 1629 282 1668 de
304 1628 441 1669 rustico
459 1660 472 1678 ‚
497 1628 652 1683 ejusque
677 1629 756 1668 filio
774 1660 786 1679 ‚
812 1631 853 1670 ὅ(
877 1630 993 1670 asello
1013 1661 1027 1680 ,

40 1696 157 1734 quam
186 1683 404 1722 Verdizoto
436 1685 641 1723 attribuere
670 1684 838 1732 videor,
868 1683 913 1724 L.
948 1698 1027 1733 14,

40 1735 135 1776 Fab.
165 1748 238 1787 ιο,
262 1736 310 1775 ab
332 1737 407 1776 alio
423 1766 436 1784 ,
461 1739 491 1776 si
517 1751 610 1778 vera
634 1737 795 1778 lefiores
823 1738 941 1778 docet
965 1739 1029 1778 bi-

40 1789 234 1842 bliopola,
247 1790 352 1830 fuisse
370 1793 627 1844 compositam
638 1806 650 1840 ;
664 1805 777 1846 atque
794 1793 889 1831 hanc
907 1794 1026 1832 etiam

23 1844 242 1885 ‘numerum
267 1845 458 1886 excedere
487 1848 750 1888 centenarium
773 1860 783 1886 z
808 1846 873 1887 sed
895 1846 1027 1889 auditor
