1268 2361
161 119 332 165 LIBER
367 130 623 164 DEc1M5⁷s
656 130 948 175 QUARTUS.
987 133 1072 183 345

86 199 795 245 κξι-τέεῐὲῶ-ἐὲ-
1030 213 1054 240 >

242 285 592 331 FABULA
651 286 917 332 XXIII.

394 383 567 442 Asellus
583 381 752 439 junior.

84 452 199 532 Cu
212 504 246 528 M
267 495 409 539 quidam
422 495 556 529 Asellus
573 497 614 529 ad
629 497 786 529 laborem
801 495 921 538 junior

78 543 336 584 Institueretur‚
354 544 487 577 viribus
505 543 654 577 infirmis
668 546 782 578 adhuc
793 570 803 586 ‚

52 600 55 603 ’
77 592 257 626 Humeros
271 592 438 625 vacillare
455 592 549 634 ejus,
567 593 600 626 δε
619 604 737 634 crura,
754 594 788 626 &
804 594 909 637 pedes
925 619 936 635 ‚

76 639 261 684 Perspexit
275 641 378 674 herus
395 642 582 685 explorans
598 667 607 682 ‚
627 642 660 676 ὅ(
675 642 825 675 mediam
840 643 942 686 super

75 689 294 722 Lumborum
310 689 444 733 spinam
460 690 617 723 manibus
632 690 791 733 impastis
810 701 972 734 premens
986 702 996 725 ε

77 737 182 771 Onus
199 749 282 782 ergo
298 763 307 777 ‚
327 738 590 771 commiseratus
603 764 610 778 ‚
628 738 799 781 imposuit
814 741 908 774 leve.

74 786 178 819 Tunc
194 786 252 819 ille
263 812 272 827 ,
290 795 384 820 totus
402 787 463 831 qui
479 786 663 820 videbatur
679 786 746 819 sibi

74 834 275 869 Pulchellus
293 833 359 868 effe
373 861 383 875 ‚
401 835 491 868 dixit
505 846 513 868 τ
533 834 720 868 Prudenter
736 835 823 868 facis
835 860 844 875 ‚

59 881 183 925 *Quod
198 883 325 916 metuis
336 909 344 924 ‚
362 884 444 916 here
459 882 528 924 mi,
543 894 586 916 ne
603 883 764 929 graviore
783 883 915 917 sarcina

74 931 187 966 Dorsi
202 930 303 973 hujus
318 931 424 965 nostri
442 931 596 965 offendas
613 932 837 978 elegantiam.

124 979 197 1022 Qui
211 991 330 1024 captus
344 980 391 1014 est
408 991 527 1013 amore
542 981 684 1013 credulo
700 981 750 1014 sui
762 1006 771 1021 ‚

74 1028 159 1075 Quo
178 1028 313 1062 stultior
328 1030 396 1063 erit
407 1055 416 1070 ,
428 1028 496 1062 hoc
513 1029 580 1062 sibi
594 1029 741 1073 placebit
758 1029 882 1074 magis.

477 1118 937 1167 Qfflfims·

228 1205 596 1251 FABULA
663 1206 906 1252 XXIV.

188 1300 324 1344 Culex
362 1300 410 1343 in
449 1315 547 1344 casa
572 1334 590 1357 ,
629 1314 717 1345 tum
752 1300 797 1344 in
832 1303 951 1345 aula.

213 1135 236 1159 ¹ss

72 1366 153 1448 E
166 1423 190 1446 'r
207 1425 284 1446 rura
301 1413 336 1446 ὃ(
351 1414 452 1446 urbes
466 1414 618 1448 Somnus
634 1412 741 1446 tacite
755 1415 944 1458 pervolans

69 1463 143 1496 Sua
157 1463 249 1495 dona
262 1462 478 1495 distribuerat
489 1488 498 1502 ‚
516 1462 652 1506 parcius
667 1463 810 1505 quidem

71 1511 146 1544 Ubi
161 1511 279 1544 Luxus
296 1510 430 1544 habitat
447 1511 560 1555 segnis
574 1536 582 1550 ‚
597 1521 631 1543 at
647 1511 833 1555 benignius

70 1559 144 1592 Ubi
160 1559 233 1591 vita
247 1558 370 1591 misera
384 1558 449 1599 est,
463 1559 694 1603 agricolaeque
708 1559 871 1603 pauperis

70 1607 210 1640 Durum
224 1616 341 1639 torum
355 1607 498 1640 diurnus
515 1609 675 1640 emendat
690 1609 788 1641 labor
801 1620 814 1645 ς

71 1655 163 1688 Ci'im
180 1655 296 1688 tenuis
308 1681 317 1695 ‚
333 1666 393 1688 ore
409 1655 550 1689 stridulo
567 1656 676 1689 exiles
691 1656 798 1690 sonos

72 1705 188 1738 Culex
207 1703 423 1747 ingeminans
435 1729 444 1745 ,
461 1703 621 1737 rusticam
637 1704 742 1737 subiit
757 1705 866 1738 casam
882 1730 892 1745 ,

74 1752 275 1795 Nasumque
289 1752 391 1796 petiit
405 1754 589 1796 quemdam
601 1779 610 1793 ‚
627 1764 692 1786 nec
708 1753 897 1796 politulum
907 1778 917 1794 ‚

75 1801 150 1834 Nec
165 1801 350 1833 delicatum
361 1826 370 1841 ‚
387 1801 444 1833 sed
460 1802 614 1834 ronchos
629 1801 812 1845 aequabiles

76 1848 234 1883 Gravius
249 1848 460 1892 proflantem
471 1874 479 1888 ,
495 1849 699 1893 dostiusque
715 1850 872 1893 quolibet

77 1896 200 1944 Regali
216 1897 299 1934 naso
316 1910 324 1936 ς
339 1896 468 1935 insedit
486 1898 519 1934 &
534 1898 742 1944 proboscide
803 1945 831 1980 P

860 1956 886 1981 'V
