1225 2367
204 119 301 176 264
367 118 518 162 ΓΑΒ.
554 118 1030 162 AEsoPIARUM

578 199 759 206 ·····

252 250 305 282 Ad
321 260 522 294 pervicaces
536 249 676 282 criticos
691 249 803 282 fabula
820 249 985 292 pertinet.
1219 258 1225 290 ‘g

337 356 359 378 -n
593 337 1063 385 —ssffa-ffiss———w

318 424 350 468 F
388 425 425 468 A
461 424 493 468 B
529 424 574 468 U
609 424 645 468 L
680 423 721 468 A
803 422 850 468 X
882 424 930 470 X
963 426 1007 469 V
1041 425 1075 470 Ι.

280 519 509 564 Exercitus
526 520 606 562 duo
617 518 858 577 praeliarztes
868 553 882 576 ‚
902 518 940 563 ἂ
951 518 1122 579 AIuscae.

207 591 293 669 Θ
303 643 321 666 1.
334 643 348 665 1
360 642 394 665 M
414 631 575 666 obstinati
598 631 844 675 praeliabantur
861 633 932 666 duo

199 682 382 715 Exercitus
401 694 407 714 ε
427 693 471 714 ex
487 692 555 714 una
571 691 668 723 parte
683 682 810 714 clarior

201 730 326 763 Virtus
338 756 346 771 ,
368 731 402 762 ὅ(
418 730 499 762 artis
516 729 648 762 bellicae
666 729 808 762 scientia

200 777 320 820 Major
337 779 515 811 adhibetur
533 790 542 816 ·‚
560 788 594 810 at
608 778 707 810 viros
725 789 770 810 ex
785 778 893 811 altera

199 826 334 860 Tuetur
351 826 513 859 immanis
528 826 794 869 elephantorum
813 828 941 861 cohors
954 852 964 868 ‚

199 875 500 919 Fortissimosque
518 874 679 907 manibus
700 874 881 919 anguineis
897 875 1011 920 capit,

200 924 243 955 Et
256 925 382 956 lacerat
394 949 402 963 ‚
418 933 475 956 aut
489 922 588 956 elidit
603 923 840 962 adversarios·‚

199 974 271 1004 Aut
287 972 417 1005 medias
435 971 472 1004 in
486 972 671 1017 phalanges
688 983 836 1015 corpora
847 998 856 1013 ‚
871 983 934 1006 ceu
949 971 1037 1017 pilas
1052 996 1063 1014 ‚

198 1020 298 1053 ‘Viva
313 1020 481 1074 jaculatur
495 1031 597 1064 atque
610 1030 782 1054 terrorem
798 1021 926 1055 simul:

199 1069 368 1113 Artique‚
383 1069 579 1113 virtutique
593 1069 733 1102 demum
749 1071 917 1113 praevalet

199 1117 400 1158 Ferocitas,
414 1116 686 1161 immanitasque
701 1117 846 1152 virium.

249 1166 327 1199 Huc
339 1165 433 1199 forte
446 1166 669 1198 Muscarum
661 1177 784 1210 ingens
800 1167 1026 1200 advolaverat

199 1215 357 1248 Examen
372 1227 379 1248 :
399 1215 464 1247 illae
482 1214 603 1257 copias
620 1225 699 1247 cum
712 1215 764 1247 sic
777 1214 902 1248 vident

200 1265 226 1296 F
231 1273 368 1296 urentes
380 1289 388 1303 ‚
402 1263 485 1295 hinc
501 1273 655 1307 pugnare
671 1273 736 1306 pro
751 1262 925 1305 νίἂοτίει,

200 1312 294 1344 Hinc
307 1323 373 1355 pro
390 1312 497 1344 salute
512 1323 522 1349 ·,
539 1311 707 1344 bellicoso
722 1311 755 1344 se
772 1311 877 1345 simul

200 1361 335 1393 Ardore
349 1361 501 1404 quodam
521 1359 692 1392 concitari
707 1359 862 1393 sentiunt
876 1371 888 1399 ·‚

198 1409 241 1440 Et
255 1420 323 1441 una
337 1434 346 1450 ,
361 1408 451 1451 Quis
468 1419 533 1440 nos
545 1434 554 1448 ‚
570 1408 646 1452 quis
664 1408 792 1443 retinet
802 1435 811 1449 ,
826 1407 960 1453 inquit,
974 1406 1122 1453 stupor?

200 1458 268 1490 Hic
279 1483 287 1497 ‚
302 1467 397 1490 tanta
413 1457 524 1490 laudis
538 1457 596 1489 ubi
609 1466 705 1499 patet
723 1457 825 1490 nobis
840 1457 922 1498 via,

199 1506 270 1538 Hic
286 1505 506 1548 speaatrices
523 1504 646 1537 otiosae
661 1504 867 1538 haerebimus
883 1507 896 1540 ἒ

198 1553 324 1597 Agite,
339 1554 476 1586 sorores
492 1565 501 1590 ·‚
517 1554 701 1586 audeamus
718 1564 784 1586 nos
801 1564 944 1597 quoque

199 1601 367 1635 Praeclara
383 1612 444 1644 per
460 1601 614 1634 facinora
631 1601 697 1634 niti
711 1603 752 1634 ad
766 1601 913 1647 gloriam
927 1614 939 1640 ·,

198 1649 416 1683 Infirmiores
430 1648 633 1690 adjuvemus
648 1650 767 1693 copias
778 1676 787 1691 ‚

199 1697 345 1741 Istisque
359 1697 466 1741 porro
481 1697 603 1731 belluis
618 1699 826 1732 immanibus
1189 1679 1199 1732 ξ

199 1747 354 1780 Laudem
368 1746 555 1789 triumphi,
571 1757 675 1789 quam
692 1746 758 1780 sibi
771 1757 900 1781 certam
913 1752 1060 1792 putant3
1175 1759 1180 1761 ’

200 1795 493 1838 Extorqueamus.
508 1794 612 1827 Dixit
627 1807 636 1833 ·‚
653 1796 687 1828 ὅ(
701 1795 781 1828 faeti
795 1797 917 1830 ducem

199 1842 368 1876 Animosa
382 1843 452 1876 sese
466 1843 613 1886 praebuit
628 1857 635 1877 :
652 1855 755 1888 quam
770 1845 933 1888 protinus

198 1891 294 1927 Hinc
308 1892 341 1926 se
354 1893 477 1926 volatu
491 1893 653 1928 adversus
669 1888 853 1928 hoffibiles
867 1894 957 1928 feras

1054 1938 1184 1978 Audaci
1191 1927 1194 1930 ⁴
