<?xml version="1.0" encoding="UTF-8"?>
<!DOCTYPE html PUBLIC "-//W3C//DTD XHTML 1.0 Transitional//EN"
    "http://www.w3.org/TR/xhtml1/DTD/xhtml1-transitional.dtd">
<html xmlns="http://www.w3.org/1999/xhtml" xml:lang="en" lang="en">
 <head>
  <title>
</title>
<meta http-equiv="Content-Type" content="text/html;charset=utf-8" />
  <meta name='ocr-system' content='tesseract 3.04.00' />
  <meta name='ocr-capabilities' content='ocr_page ocr_carea ocr_par ocr_line ocrx_word'/>
</head>
<body>
  <div class='ocr_page' id='page_1' title='image "./fabulaeaesopiaec00desbuoft_0355.png"; bbox 0 0 1268 2361; ppageno 0'>
   <div class='ocr_carea' id='block_1_1' title="bbox 132 134 1020 195">
    <p class='ocr_par' dir='ltr' id='par_1_1' title="bbox 132 134 1020 195">
     <span class='ocr_line' id='line_1_1' title="bbox 132 134 1020 195; baseline 0 -17"><span class='ocrx_word' id='word_1_1' title='bbox 132 134 304 179; x_wconf 67' lang='lat' dir='ltr'><em>LIBER</em></span> <span class='ocrx_word' id='word_1_2' title='bbox 334 143 599 178; x_wconf 78' lang='lat' dir='ltr'><em>DECIMUS</em></span> <span class='ocrx_word' id='word_1_3' title='bbox 636 144 895 179; x_wconf 75' lang='lat' dir='ltr'><strong><em>TERTJUS.</em></strong></span> <span class='ocrx_word' id='word_1_4' title='bbox 934 146 1020 195; x_wconf 83' lang='lat'>311</span> 
     </span>
    </p>
   </div>
   <div class='ocr_carea' id='block_1_2' title="bbox 32 212 880 590">
    <p class='ocr_par' dir='ltr' id='par_1_2' title="bbox 32 212 739 307">
     <span class='ocr_line' id='line_1_2' title="bbox 32 212 739 259; baseline 0 -10"><span class='ocrx_word' id='word_1_5' title='bbox 32 212 114 250; x_wconf 75' lang='lat' dir='ltr'>&#39;mic</span> <span class='ocrx_word' id='word_1_6' title='bbox 128 214 217 249; x_wconf 78' lang='lat' dir='ltr'>mihi</span> <span class='ocrx_word' id='word_1_7' title='bbox 232 214 299 248; x_wconf 80' lang='lat' dir='ltr'>ess‘e</span> <span class='ocrx_word' id='word_1_8' title='bbox 314 215 578 259; x_wconf 83' lang='lat' dir='ltr'>comperientur</span> <span class='ocrx_word' id='word_1_9' title='bbox 594 215 714 248; x_wconf 82' lang='lat' dir='ltr'>omnia</span> <span class='ocrx_word' id='word_1_10' title='bbox 730 227 739 249; x_wconf 79' lang='lat' dir='ltr'><strong><em>z</em></strong></span> 
     </span>
     <span class='ocr_line' id='line_1_3' title="bbox 34 263 704 307; baseline -0.001 -9"><span class='ocrx_word' id='word_1_11' title='bbox 34 264 168 298; x_wconf 85' lang='lat' dir='ltr'>Nidore</span> <span class='ocrx_word' id='word_1_12' title='bbox 184 263 277 298; x_wconf 72' lang='lat' dir='ltr'>certe</span> <span class='ocrx_word' id='word_1_13' title='bbox 291 264 452 307; x_wconf 70' lang='lat' dir='ltr'>pellicior</span> <span class='ocrx_word' id='word_1_14' title='bbox 467 264 678 297; x_wconf 78' lang='lat' dir='ltr'>suavissimo</span> <span class='ocrx_word' id='word_1_15' title='bbox 693 276 704 302; x_wconf 90' lang='lat'>·,</span> 
     </span>
    </p>

    <p class='ocr_par' dir='ltr' id='par_1_3' title="bbox 35 312 718 358">
     <span class='ocr_line' id='line_1_4' title="bbox 35 312 718 358; baseline 0.001 -13"><span class='ocrx_word' id='word_1_16' title='bbox 35 313 78 346; x_wconf 86' lang='lat' dir='ltr'>Et</span> <span class='ocrx_word' id='word_1_17' title='bbox 92 313 166 356; x_wconf 84' lang='lat' dir='ltr'>ipse</span> <span class='ocrx_word' id='word_1_18' title='bbox 179 313 294 346; x_wconf 82' lang='lat' dir='ltr'>fumus</span> <span class='ocrx_word' id='word_1_19' title='bbox 311 312 397 346; x_wconf 79' lang='lat' dir='ltr'>felix</span> <span class='ocrx_word' id='word_1_20' title='bbox 413 313 594 358; x_wconf 77' lang='lat' dir='ltr'>augurium</span> <span class='ocrx_word' id='word_1_21' title='bbox 613 313 718 346; x_wconf 76' lang='lat' dir='ltr'>canit.</span> 
     </span>
    </p>

    <p class='ocr_par' dir='ltr' id='par_1_4' title="bbox 35 361 776 504">
     <span class='ocr_line' id='line_1_5' title="bbox 35 361 776 405; baseline 0.001 -11"><span class='ocrx_word' id='word_1_22' title='bbox 35 361 141 394; x_wconf 82' lang='lat' dir='ltr'>Dix1t</span> <span class='ocrx_word' id='word_1_23' title='bbox 156 374 165 400; x_wconf 69' lang='grc' dir='ltr'><strong>ς</strong></span> <span class='ocrx_word' id='word_1_24' title='bbox 181 361 339 405; x_wconf 86' lang='lat' dir='ltr'>subitque</span> <span class='ocrx_word' id='word_1_25' title='bbox 355 362 502 405; x_wconf 71' lang='lat' dir='ltr'>gurgxtis</span> <span class='ocrx_word' id='word_1_26' title='bbox 516 362 634 395; x_wconf 72' lang='lat' dir='ltr'>blandi</span> <span class='ocrx_word' id='word_1_27' title='bbox 649 361 776 395; x_wconf 86' lang='lat' dir='ltr'>ostium</span> 
     </span>
     <span class='ocr_line' id='line_1_6' title="bbox 37 410 718 455; baseline 0 -13"><span class='ocrx_word' id='word_1_28' title='bbox 37 410 153 443; x_wconf 76' lang='lat' dir='ltr'>Fatale</span> <span class='ocrx_word' id='word_1_29' title='bbox 165 436 174 450; x_wconf 93' lang='lat'>‚</span> <span class='ocrx_word' id='word_1_30' title='bbox 188 410 441 454; x_wconf 77' lang='lat' dir='ltr'>delicatamque</span> <span class='ocrx_word' id='word_1_31' title='bbox 459 410 496 443; x_wconf 87' lang='lat' dir='ltr'>in</span> <span class='ocrx_word' id='word_1_32' title='bbox 508 410 718 455; x_wconf 83' lang='lat' dir='ltr'>voraginem</span> 
     </span>
     <span class='ocr_line' id='line_1_7' title="bbox 36 458 776 504; baseline 0 -13"><span class='ocrx_word' id='word_1_33' title='bbox 36 458 246 492; x_wconf 71' lang='lat' dir='ltr'>Delabitur:</span> <span class='ocrx_word' id='word_1_34' title='bbox 264 459 309 491; x_wconf 87' lang='lat' dir='ltr'>ibi</span> <span class='ocrx_word' id='word_1_35' title='bbox 325 469 411 491; x_wconf 86' lang='lat' dir='ltr'>mox</span> <span class='ocrx_word' id='word_1_36' title='bbox 428 460 580 504; x_wconf 82' lang='lat' dir='ltr'>repletur</span> <span class='ocrx_word' id='word_1_37' title='bbox 595 485 604 498; x_wconf 76' lang='lat'>‚</span> <span class='ocrx_word' id='word_1_38' title='bbox 623 459 658 492; x_wconf 70' lang='grc' dir='ltr'>ὃ(</span> <span class='ocrx_word' id='word_1_39' title='bbox 673 458 776 502; x_wconf 82' lang='lat' dir='ltr'>perit.</span> 
     </span>
    </p>

    <p class='ocr_par' dir='ltr' id='par_1_5' title="bbox 87 505 880 552">
     <span class='ocr_line' id='line_1_8' title="bbox 87 505 880 552; baseline 0.001 -12"><span class='ocrx_word' id='word_1_40' title='bbox 87 507 195 552; x_wconf 86' lang='lat' dir='ltr'>Egere</span> <span class='ocrx_word' id='word_1_41' title='bbox 210 507 376 540; x_wconf 83' lang='lat' dir='ltr'>miserum</span> <span class='ocrx_word' id='word_1_42' title='bbox 393 507 458 546; x_wconf 78' lang='lat' dir='ltr'>est,</span> <span class='ocrx_word' id='word_1_43' title='bbox 474 518 508 540; x_wconf 82' lang='lat' dir='ltr'>at</span> <span class='ocrx_word' id='word_1_44' title='bbox 524 508 759 541; x_wconf 79' lang='lat' dir='ltr'>miserrimum</span> <span class='ocrx_word' id='word_1_45' title='bbox 775 505 880 541; x_wconf 84' lang='lat' dir='ltr'>bonis</span> 
     </span>
    </p>

    <p class='ocr_par' dir='ltr' id='par_1_6' title="bbox 38 555 706 590">
     <span class='ocr_line' id='line_1_9' title="bbox 38 555 706 590; baseline 0.003 -2"><span class='ocrx_word' id='word_1_46' title='bbox 38 556 224 590; x_wconf 85' lang='lat' dir='ltr'>Abundare</span> <span class='ocrx_word' id='word_1_47' title='bbox 240 555 289 589; x_wconf 84' lang='lat' dir='ltr'>ita</span> <span class='ocrx_word' id='word_1_48' title='bbox 303 566 341 589; x_wconf 90' lang='lat' dir='ltr'>ut</span> <span class='ocrx_word' id='word_1_49' title='bbox 355 556 500 589; x_wconf 63' lang='lat' dir='ltr'>inundet</span> <span class='ocrx_word' id='word_1_50' title='bbox 516 555 706 590; x_wconf 80' lang='lat' dir='ltr'>affluentia.</span> 
     </span>
    </p>
   </div>
   <div class='ocr_carea' id='block_1_3' title="bbox 198 651 423 660">
    <p class='ocr_par' dir='ltr' id='par_1_7' title="bbox 198 651 423 660">
     <span class='ocr_line' id='line_1_10' title="bbox 198 651 423 660; baseline 0 0"><span class='ocrx_word' id='word_1_51' title='bbox 198 651 423 660; x_wconf 95' lang='lat' dir='ltr'> </span> 
     </span>
    </p>
   </div>
   <div class='ocr_carea' id='block_1_4' title="bbox 653 651 880 660">
    <p class='ocr_par' dir='ltr' id='par_1_8' title="bbox 653 651 880 660">
     <span class='ocr_line' id='line_1_11' title="bbox 653 651 880 660; baseline 0 1701"><span class='ocrx_word' id='word_1_52' title='bbox 653 651 880 660; x_wconf 95' lang='lat' dir='ltr'> </span> 
     </span>
    </p>
   </div>
   <div class='ocr_carea' id='block_1_5' title="bbox 165 634 910 682">
    <p class='ocr_par' dir='ltr' id='par_1_9' title="bbox 165 634 910 682">
     <span class='ocr_line' id='line_1_12' title="bbox 165 634 910 682; baseline 0 0"><span class='ocrx_word' id='word_1_53' title='bbox 165 649 246 674; x_wconf 66' lang='lat' dir='ltr'>‹s-</span> <span class='ocrx_word' id='word_1_54' title='bbox 428 634 646 682; x_wconf 36' lang='lat' dir='ltr'>aaz&amp;</span> <span class='ocrx_word' id='word_1_55' title='bbox 660 648 910 673; x_wconf 40' lang='lat' dir='ltr'>-m--a</span> 
     </span>
    </p>
   </div>
   <div class='ocr_carea' id='block_1_6' title="bbox 190 719 889 878">
    <p class='ocr_par' dir='ltr' id='par_1_10' title="bbox 190 719 889 878">
     <span class='ocr_line' id='line_1_13' title="bbox 190 719 889 767; baseline -0.003 0"><span class='ocrx_word' id='word_1_56' title='bbox 190 722 221 767; x_wconf 90' lang='lat' dir='ltr'>F</span> <span class='ocrx_word' id='word_1_57' title='bbox 249 722 290 766; x_wconf 92' lang='lat' dir='ltr'>A</span> <span class='ocrx_word' id='word_1_58' title='bbox 322 721 356 766; x_wconf 94' lang='lat' dir='ltr'><strong>B</strong></span> <span class='ocrx_word' id='word_1_59' title='bbox 390 720 435 766; x_wconf 94' lang='lat' dir='ltr'><strong>U</strong></span> <span class='ocrx_word' id='word_1_60' title='bbox 468 721 504 765; x_wconf 92' lang='lat' dir='ltr'>L</span> <span class='ocrx_word' id='word_1_61' title='bbox 535 720 572 765; x_wconf 93' lang='lat' dir='ltr'><strong>A</strong></span> <span class='ocrx_word' id='word_1_62' title='bbox 658 719 706 765; x_wconf 91' lang='lat' dir='ltr'>X</span> <span class='ocrx_word' id='word_1_63' title='bbox 736 721 778 765; x_wconf 93' lang='lat' dir='ltr'>V</span> <span class='ocrx_word' id='word_1_64' title='bbox 808 722 827 766; x_wconf 84' lang='lat'><em>1</em></span> <span class='ocrx_word' id='word_1_65' title='bbox 855 721 889 766; x_wconf 92' lang='grc' dir='ltr'>Ι.</span> 
     </span>
     <span class='ocr_line' id='line_1_14' title="bbox 277 813 802 878; baseline 0.002 -18"><span class='ocrx_word' id='word_1_66' title='bbox 277 816 481 878; x_wconf 80' lang='lat' dir='ltr'><em>Agricola</em></span> <span class='ocrx_word' id='word_1_67' title='bbox 503 813 545 860; x_wconf 64' lang='grc' dir='ltr'>δ’</span> <span class='ocrx_word' id='word_1_68' title='bbox 564 817 681 874; x_wconf 81' lang='lat' dir='ltr'>Apes</span> <span class='ocrx_word' id='word_1_69' title='bbox 696 815 802 861; x_wconf 81' lang='lat' dir='ltr'>duce.</span> 
     </span>
    </p>
   </div>
   <div class='ocr_carea' id='block_1_7' title="bbox 247 663 423 669">
    <p class='ocr_par' dir='ltr' id='par_1_11' title="bbox 247 663 423 669">
     <span class='ocr_line' id='line_1_15' title="bbox 247 663 423 669; baseline 0 0"><span class='ocrx_word' id='word_1_70' title='bbox 247 663 423 669; x_wconf 95' lang='lat' dir='ltr'> </span> 
     </span>
    </p>
   </div>
   <div class='ocr_carea' id='block_1_8' title="bbox 38 888 953 1560">
    <p class='ocr_par' dir='ltr' id='par_1_12' title="bbox 38 888 953 1511">
     <span class='ocr_line' id='line_1_16' title="bbox 69 898 925 924; baseline -0.002 -8"><span class='ocrx_word' id='word_1_71' title='bbox 69 898 82 924; x_wconf 74' lang='lat' dir='ltr'><em>s</em></span> <span class='ocrx_word' id='word_1_72' title='bbox 923 912 925 914; x_wconf 84' lang='lat'><em>.</em></span> 
     </span>
     <span class='ocr_line' id='line_1_17' title="bbox 44 888 944 974; baseline -0.003 -9"><span class='ocrx_word' id='word_1_73' title='bbox 44 888 134 966; x_wconf 49' lang='lat' dir='ltr'><strong>A</strong></span> <span class='ocrx_word' id='word_1_74' title='bbox 147 939 172 965; x_wconf 85' lang='lat' dir='ltr'>G</span> <span class='ocrx_word' id='word_1_75' title='bbox 184 940 208 964; x_wconf 80' lang='lat' dir='ltr'>R</span> <span class='ocrx_word' id='word_1_76' title='bbox 220 940 234 963; x_wconf 91' lang='lat'>1</span> <span class='ocrx_word' id='word_1_77' title='bbox 246 939 268 964; x_wconf 87' lang='lat' dir='ltr'>c</span> <span class='ocrx_word' id='word_1_78' title='bbox 282 939 306 964; x_wconf 93' lang='grc' dir='ltr'>ο</span> <span class='ocrx_word' id='word_1_79' title='bbox 320 940 340 963; x_wconf 83' lang='lat' dir='ltr'><strong>L</strong></span> <span class='ocrx_word' id='word_1_80' title='bbox 353 939 379 963; x_wconf 80' lang='grc' dir='ltr'><strong>Α</strong></span> <span class='ocrx_word' id='word_1_81' title='bbox 400 929 495 964; x_wconf 75' lang='grc' dir='ltr'><strong><em>ῐοι·τὲ</em></strong></span> <span class='ocrx_word' id='word_1_82' title='bbox 513 931 606 974; x_wconf 86' lang='lat' dir='ltr'><strong>Apes</strong></span> <span class='ocrx_word' id='word_1_83' title='bbox 623 930 704 963; x_wconf 83' lang='lat' dir='ltr'>duas</span> <span class='ocrx_word' id='word_1_84' title='bbox 722 928 916 963; x_wconf 81' lang='lat' dir='ltr'>offenderat</span> <span class='ocrx_word' id='word_1_85' title='bbox 931 934 944 973; x_wconf 81' lang='grc'>,’</span> 
     </span>
     <span class='ocr_line' id='line_1_18' title="bbox 45 978 743 1023; baseline -0.003 -10"><span class='ocrx_word' id='word_1_86' title='bbox 45 981 87 1013; x_wconf 88' lang='lat' dir='ltr'>Et</span> <span class='ocrx_word' id='word_1_87' title='bbox 101 980 273 1013; x_wconf 59' lang='lat' dir='ltr'>excitarat</span> <span class='ocrx_word' id='word_1_88' title='bbox 288 1005 296 1020; x_wconf 87' lang='lat'><strong>‚</strong></span> <span class='ocrx_word' id='word_1_89' title='bbox 314 990 353 1012; x_wconf 89' lang='lat' dir='ltr'>ut</span> <span class='ocrx_word' id='word_1_90' title='bbox 371 978 530 1012; x_wconf 75' lang='lat' dir='ltr'>animose</span> <span class='ocrx_word' id='word_1_91' title='bbox 547 988 743 1023; x_wconf 79' lang='lat' dir='ltr'>quaererent</span> 
     </span>
     <span class='ocr_line' id='line_1_19' title="bbox 44 1027 787 1062; baseline -0.003 -1"><span class='ocrx_word' id='word_1_92' title='bbox 44 1030 89 1062; x_wconf 85' lang='lat' dir='ltr'>Se</span> <span class='ocrx_word' id='word_1_93' title='bbox 103 1028 282 1061; x_wconf 64' lang='lat' dir='ltr'>vindicare</span> <span class='ocrx_word' id='word_1_94' title='bbox 300 1041 308 1061; x_wconf 88' lang='lat'>:</span> <span class='ocrx_word' id='word_1_95' title='bbox 325 1028 464 1061; x_wconf 87' lang='lat' dir='ltr'><strong>bombis</strong></span> <span class='ocrx_word' id='word_1_96' title='bbox 481 1039 549 1061; x_wconf 84' lang='lat' dir='ltr'>una</span> <span class='ocrx_word' id='word_1_97' title='bbox 566 1027 787 1061; x_wconf 85' lang='lat' dir='ltr'>comminans</span> 
     </span>
     <span class='ocr_line' id='line_1_20' title="bbox 44 1075 743 1120; baseline -0.003 -10"><span class='ocrx_word' id='word_1_98' title='bbox 44 1076 256 1111; x_wconf 81' lang='lat' dir='ltr'>Praenuntiis</span> <span class='ocrx_word' id='word_1_99' title='bbox 271 1102 280 1117; x_wconf 86' lang='lat'><strong>‚</strong></span> <span class='ocrx_word' id='word_1_100' title='bbox 298 1076 462 1110; x_wconf 76' lang='lat' dir='ltr'>adversus</span> <span class='ocrx_word' id='word_1_101' title='bbox 479 1075 621 1109; x_wconf 87' lang='lat' dir='ltr'>hostiles</span> <span class='ocrx_word' id='word_1_102' title='bbox 639 1087 743 1120; x_wconf 84' lang='lat' dir='ltr'>genas</span> 
     </span>
     <span class='ocr_line' id='line_1_21' title="bbox 46 1121 953 1168; baseline -0.001 -10"><span class='ocrx_word' id='word_1_103' title='bbox 46 1126 201 1159; x_wconf 78' lang='lat' dir='ltr'>Involat.</span> <span class='ocrx_word' id='word_1_104' title='bbox 218 1126 249 1158; x_wconf 81' lang='lat' dir='ltr'>Is</span> <span class='ocrx_word' id='word_1_105' title='bbox 266 1135 383 1158; x_wconf 81' lang='lat' dir='ltr'>autem</span> <span class='ocrx_word' id='word_1_106' title='bbox 397 1125 554 1158; x_wconf 80' lang='lat' dir='ltr'>monitus</span> <span class='ocrx_word' id='word_1_107' title='bbox 570 1138 577 1158; x_wconf 91' lang='lat'>:</span> <span class='ocrx_word' id='word_1_108' title='bbox 594 1126 727 1158; x_wconf 88' lang='lat' dir='ltr'><strong>Accede</strong></span> <span class='ocrx_word' id='word_1_109' title='bbox 741 1124 808 1157; x_wconf 87' lang='lat' dir='ltr'>huc</span> <span class='ocrx_word' id='word_1_110' title='bbox 821 1121 953 1168; x_wconf 73' lang='lat' dir='ltr'>modo,&#39;</span> 
     </span>
     <span class='ocr_line' id='line_1_22' title="bbox 38 1173 773 1219; baseline -0.003 -12"><span class='ocrx_word' id='word_1_111' title='bbox 38 1175 218 1207; x_wconf 81' lang='lat' dir='ltr'>-Ferocula</span> <span class='ocrx_word' id='word_1_112' title='bbox 229 1200 239 1215; x_wconf 83' lang='lat'>‚</span> <span class='ocrx_word' id='word_1_113' title='bbox 253 1174 369 1219; x_wconf 76' lang='lat' dir='ltr'>inquit</span> <span class='ocrx_word' id='word_1_114' title='bbox 381 1199 389 1214; x_wconf 90' lang='lat'>‚</span> <span class='ocrx_word' id='word_1_115' title='bbox 406 1185 486 1207; x_wconf 89' lang='lat' dir='ltr'>cum</span> <span class='ocrx_word' id='word_1_116' title='bbox 501 1174 571 1207; x_wconf 82' lang='lat' dir='ltr'>tuis</span> <span class='ocrx_word' id='word_1_117' title='bbox 587 1173 748 1206; x_wconf 80' lang='lat' dir='ltr'>minaciis</span> <span class='ocrx_word' id='word_1_118' title='bbox 764 1198 773 1214; x_wconf 85' lang='lat'>,</span> 
     </span>
     <span class='ocr_line' id='line_1_23' title="bbox 49 1219 885 1267; baseline -0.004 -11"><span class='ocrx_word' id='word_1_119' title='bbox 49 1223 210 1257; x_wconf 83' lang='lat' dir='ltr'>Accede:</span> <span class='ocrx_word' id='word_1_120' title='bbox 226 1223 354 1256; x_wconf 79' lang='lat' dir='ltr'>faciam</span> <span class='ocrx_word' id='word_1_121' title='bbox 366 1247 375 1263; x_wconf 92' lang='lat'>‚</span> <span class='ocrx_word' id='word_1_122' title='bbox 391 1233 462 1255; x_wconf 81' lang='lat' dir='ltr'>tam</span> <span class='ocrx_word' id='word_1_123' title='bbox 479 1233 584 1267; x_wconf 80' lang='lat' dir='ltr'>grave</span> <span class='ocrx_word' id='word_1_124' title='bbox 601 1222 716 1254; x_wconf 81' lang='lat' dir='ltr'>hercle</span> <span class='ocrx_word' id='word_1_125' title='bbox 733 1219 859 1254; x_wconf 82' lang='lat' dir='ltr'>sentias</span> <span class='ocrx_word' id='word_1_126' title='bbox 874 1246 885 1262; x_wconf 85' lang='lat'>‚</span> 
     </span>
     <span class='ocr_line' id='line_1_24' title="bbox 50 1269 900 1314; baseline 0 -10"><span class='ocrx_word' id='word_1_127' title='bbox 50 1272 101 1304; x_wconf 91' lang='lat' dir='ltr'>Ut</span> <span class='ocrx_word' id='word_1_128' title='bbox 117 1273 254 1304; x_wconf 88' lang='lat' dir='ltr'>nullum</span> <span class='ocrx_word' id='word_1_129' title='bbox 267 1272 360 1304; x_wconf 83' lang='lat' dir='ltr'>aliud</span> <span class='ocrx_word' id='word_1_130' title='bbox 376 1271 514 1303; x_wconf 84' lang='lat' dir='ltr'>sensura</span> <span class='ocrx_word' id='word_1_131' title='bbox 527 1270 574 1303; x_wconf 80' lang='lat' dir='ltr'>sis</span> <span class='ocrx_word' id='word_1_132' title='bbox 588 1269 728 1314; x_wconf 78' lang='lat' dir='ltr'>posthac</span> <span class='ocrx_word' id='word_1_133' title='bbox 744 1270 900 1304; x_wconf 79' lang='lat' dir='ltr'>malum:</span> 
     </span>
     <span class='ocr_line' id='line_1_25' title="bbox 51 1317 918 1365; baseline -0.003 -10"><span class='ocrx_word' id='word_1_134' title='bbox 51 1320 201 1364; x_wconf 81' lang='lat' dir='ltr'>Jamque</span> <span class='ocrx_word' id='word_1_135' title='bbox 216 1329 314 1365; x_wconf 85' lang='lat' dir='ltr'>parat</span> <span class='ocrx_word' id='word_1_136' title='bbox 334 1319 441 1353; x_wconf 57' lang='lat' dir='ltr'>iilum</span> <span class='ocrx_word' id='word_1_137' title='bbox 459 1332 467 1353; x_wconf 73' lang='grc' dir='ltr'><strong><em>ι</em></strong></span> <span class='ocrx_word' id='word_1_138' title='bbox 485 1329 518 1352; x_wconf 82' lang='lat' dir='ltr'>at</span> <span class='ocrx_word' id='word_1_139' title='bbox 531 1321 639 1352; x_wconf 82' lang='lat' dir='ltr'>altera</span> <span class='ocrx_word' id='word_1_140' title='bbox 655 1317 796 1351; x_wconf 83' lang='lat' dir='ltr'>interim</span> <span class='ocrx_word' id='word_1_141' title='bbox 809 1318 918 1352; x_wconf 83' lang='lat' dir='ltr'>silens</span> 
     </span>
     <span class='ocr_line' id='line_1_26' title="bbox 50 1366 888 1414; baseline -0.002 -12"><span class='ocrx_word' id='word_1_142' title='bbox 50 1368 187 1402; x_wconf 69' lang='lat' dir='ltr'>furtim</span> <span class='ocrx_word' id='word_1_143' title='bbox 203 1368 461 1414; x_wconf 83' lang='lat' dir='ltr'>appropinquat</span> <span class='ocrx_word' id='word_1_144' title='bbox 475 1393 485 1408; x_wconf 91' lang='lat'>,</span> <span class='ocrx_word' id='word_1_145' title='bbox 502 1368 536 1401; x_wconf 65' lang='grc' dir='ltr'>ὃ(</span> <span class='ocrx_word' id='word_1_146' title='bbox 553 1367 732 1400; x_wconf 84' lang='lat' dir='ltr'>inimicam</span> <span class='ocrx_word' id='word_1_147' title='bbox 747 1366 888 1400; x_wconf 82' lang='lat' dir='ltr'>fortiter</span> 
     </span>
     <span class='ocr_line' id='line_1_27' title="bbox 54 1415 863 1460; baseline -0.002 -10"><span class='ocrx_word' id='word_1_148' title='bbox 54 1416 264 1460; x_wconf 79' lang='lat' dir='ltr'>Nec-opino</span> <span class='ocrx_word' id='word_1_149' title='bbox 279 1417 350 1450; x_wconf 84' lang='lat' dir='ltr'>sese</span> <span class='ocrx_word' id='word_1_150' title='bbox 366 1417 508 1450; x_wconf 88' lang='lat' dir='ltr'>mittens</span> <span class='ocrx_word' id='word_1_151' title='bbox 523 1417 562 1450; x_wconf 88' lang='lat' dir='ltr'>in</span> <span class='ocrx_word' id='word_1_152' title='bbox 577 1426 693 1450; x_wconf 87' lang='lat' dir='ltr'>cutem</span> <span class='ocrx_word' id='word_1_153' title='bbox 707 1415 842 1460; x_wconf 80' lang='lat' dir='ltr'>impetu</span> <span class='ocrx_word' id='word_1_154' title='bbox 853 1440 863 1456; x_wconf 84' lang='lat'>‚</span> 
     </span>
     <span class='ocr_line' id='line_1_28' title="bbox 55 1465 872 1511; baseline 0 -12"><span class='ocrx_word' id='word_1_155' title='bbox 55 1465 153 1500; x_wconf 81' lang='lat' dir='ltr'>Dirae</span> <span class='ocrx_word' id='word_1_156' title='bbox 170 1465 317 1499; x_wconf 83' lang='lat' dir='ltr'>ultionis</span> <span class='ocrx_word' id='word_1_157' title='bbox 334 1465 507 1511; x_wconf 85' lang='lat' dir='ltr'>imprimit</span> <span class='ocrx_word' id='word_1_158' title='bbox 524 1475 717 1499; x_wconf 87' lang='lat' dir='ltr'>memorem</span> <span class='ocrx_word' id='word_1_159' title='bbox 736 1474 872 1499; x_wconf 87' lang='lat' dir='ltr'>notam.</span> 
     </span>
    </p>

    <p class='ocr_par' dir='ltr' id='par_1_13' title="bbox 107 1511 872 1560">
     <span class='ocr_line' id='line_1_29' title="bbox 107 1511 872 1560; baseline -0.001 -13"><span class='ocrx_word' id='word_1_160' title='bbox 107 1512 160 1549; x_wconf 85' lang='grc' dir='ltr'>Εὸ</span> <span class='ocrx_word' id='word_1_161' title='bbox 176 1513 224 1550; x_wconf 87' lang='lat' dir='ltr'>est</span> <span class='ocrx_word' id='word_1_162' title='bbox 236 1515 425 1551; x_wconf 81' lang='lat' dir='ltr'>nocentior</span> <span class='ocrx_word' id='word_1_163' title='bbox 440 1515 511 1557; x_wconf 85' lang='lat' dir='ltr'><strong>ira,</strong></span> <span class='ocrx_word' id='word_1_164' title='bbox 530 1513 603 1560; x_wconf 71' lang='lat' dir='ltr'>quo</span> <span class='ocrx_word' id='word_1_165' title='bbox 619 1512 667 1549; x_wconf 87' lang='lat' dir='ltr'>est</span> <span class='ocrx_word' id='word_1_166' title='bbox 682 1511 872 1550; x_wconf 83' lang='lat' dir='ltr'>occultior.</span> 
     </span>
    </p>
   </div>
   <div class='ocr_carea' id='block_1_9' title="bbox 535 1675 613 1724">
    <p class='ocr_par' dir='ltr' id='par_1_14' title="bbox 535 1675 613 1724">
     <span class='ocr_line' id='line_1_30' title="bbox 535 1675 613 1724; baseline 0.103 -8"><span class='ocrx_word' id='word_1_167' title='bbox 535 1675 613 1724; x_wconf 62' lang='lat' dir='ltr'>W}</span> 
     </span>
    </p>
   </div>
   <div class='ocr_carea' id='block_1_10' title="bbox 579 1711 630 1748">
    <p class='ocr_par' dir='ltr' id='par_1_15' title="bbox 579 1711 630 1748">
     <span class='ocr_line' id='line_1_31' title="bbox 579 1711 630 1748; baseline 0 -4"><span class='ocrx_word' id='word_1_168' title='bbox 579 1711 630 1748; x_wconf 60' lang='lat'><strong><em>4</em></strong></span> 
     </span>
    </p>
   </div>
   <div class='ocr_carea' id='block_1_11' title="bbox 555 1740 626 1800">
    <p class='ocr_par' dir='ltr' id='par_1_16' title="bbox 555 1740 626 1800">
     <span class='ocr_line' id='line_1_32' title="bbox 555 1740 626 1800; baseline -0.028 0"><span class='ocrx_word' id='word_1_169' title='bbox 555 1740 626 1800; x_wconf 39' lang='grc' dir='ltr'>ΛΨ</span> 
     </span>
    </p>
   </div>
   <div class='ocr_carea' id='block_1_12' title="bbox 496 1690 560 1799">
    <p class='ocr_par' dir='ltr' id='par_1_17' title="bbox 496 1690 560 1799">
     <span class='ocr_line' id='line_1_33' title="bbox 496 1690 560 1799; textangle 90"><span class='ocrx_word' id='word_1_170' title='bbox 496 1690 560 1799; x_wconf 57' lang='grc' dir='ltr'>ψ</span> 
     </span>
    </p>
   </div>
  </div>
 </body>
</html>
