1268 2361
129 128 301 173 LIBER
334 140 594 172 DECIMUS
630 138 908 184 QUARTUS.
948 138 1047 190 353·

52 209 109 243 Sic
124 209 257 253 primus
270 235 277 249 ,
295 210 328 242 δε
346 209 395 242 sic
412 210 518 250 alt-cr,
532 209 566 242 δε
582 209 631 242 sic
648 210 771 242 tex-tim

18 298 25 305 ⁸
51 258 288 303 Transigitur3
303 268 337 290 at
352 258 416 291 vix
432 268 572 301 qum-tus
591 257 707 290 illuxit
724 257 796 291 dies
811 283 821 298 ‚

51 307 158 348 Quod
172 306 273 350 petiit
289 319 311 338 a·
319 317 376 351 gra
394 306 563 350 cupiditas
575 332 583 345 ‚
601 307 750 349 presens
767 307 898 340 bonum

0 363 1 383 ἓ
50 354 225 398 Respuere
240 355 353 388 noster
368 353 435 396 jam
449 354 588 388 Sciurus
606 354 750 398 incipit,

50 403 93 435 Et
109 404 149 436 ad
163 403 302 436 relictos
319 414 405 437 mox
421 403 608 436 revertitur
625 404 725 436 lares.

99 451 295 485 Hominum
310 452 368 485 ille
386 463 462 485 mos
479 451 526 484 est
541 464 548 484 ε
564 451 668 484 anxie
685 459 864 495 quaerunt,
879 456 1002 494 parant

49 499 242 534 Laboriose
255 527 263 542 ‚
279 512 355 545 quae
370 500 470 534 brevi
483 499 667 534 fastidient.

182 606 206 630 ,ρ
500 589 592 636 3233:
599 598 912 626 “xv-

189 679 220 722 F
243 677 285 725 A
315 678 348 722 B
384 678 428 723 U
455 678 491 722 L
515 678 553 721 A
631 676 676 721 Χ
703 676 751 722 Χ
784 674 830 721 Χ
859 677 892 721 Ι.

306 773 491 837 Cisterna
520 769 561 817 δ’
591 771 794 816 Κίνιιίιις.

56 845 130 924 C
139 896 153 920 1
166 896 182 920 s
195 896 219 920 τ
231 896 253 920 E
264 896 289 920 R
300 896 326 919 N
338 896 364 919 A
383 886 476 920 dixit
490 884 714 930 praetereunti
728 884 861 918 Rivulo
875 894 887 917 t

50 936 148 970 Dum
166 945 203 968 tu
218 936 352 969 laboras
364 962 373 976 ‚
392 936 426 969 &
443 934 637 969 resistentes
652 945 794 978 gemens

50 984 147 1017 Inter
158 984 299 1028 lapillos
316 995 505 1028 pauperem
521 993 664 1027 torques
684 993 808 1026 aquam
823 993 835 1020 ·,

52 1031 186 1066 Latices
204 1031 322 1077 quieta
338 1032 506 1076 limpidos
521 1043 587 1077 ego
604 1031 744 1063 interim
756 1056 765 1071 ,

51 1080 95 1113 Et
110 1081 274 1124 copiosos
288 1107 296 1121 ‚
315 1081 462 1125 quilibet
476 1080 644 1125 quantum
659 1078 755 1122 cupit
769 1104 778 1118 ‚

51 1129 196 1162 Sufficio
207 1155 216 1169 ‚
232 1140 295 1162 nec
312 1141 367 1163 me
384 1129 485 1174 copia
501 1139 666 1171 umquam
684 1126 801 1161 deficit
815 1137 827 1164 ·‚

51 1178 176 1221 Neque
191 1203 200 1218 ‚
217 1189 306 1221 quos
319 1178 480 1211 laticibus
497 1177 659 1218 adjuvem
672 1202 680 1215 ,
698 1176 798 1208 cursu
811 1185 904 1219 vago

53 1225 218 1268 Quaeram
231 1252 240 1266 ‚
254 1226 386 1259 neceffe
403 1226 450 1260 est
466 1240 474 1260 ε
493 1227 586 1258 ultro
599 1224 694 1257 enim
712 1223 793 1257 satis
806 1223 969 1267 frequens

53 1274 224 1316 Quotidie
241 1276 282 1307 ad
299 1286 354 1308 me
364 1275 551 1308 multitudo
566 1272 728 1307 confiuit.

102 1323 155 1356 Ad
170 1323 242 1356 hec
254 1349 263 1363 ‚
281 1323 455 1356 susurrans
469 1322 595 1356 leniter
609 1334 617 1355 z
635 1321 762 1355 Cursus
776 1331 876 1353 meos

53 1371 265 1416 Redarguis,
286 1371 336 1405 ait
352 1371 502 1404 Rivulus
519 1383 528 1408 3
546 1380 666 1403 tenues
686 1380 827 1413 quoque
843 1394 852 1408 ‚

53 1420 206 1463 Superba
221 1445 230 1460 ,
244 1420 408 1464 lymphas
428 1419 494 1453 effe
511 1418 617 1458 mihi,
631 1418 741 1451 vertis
759 1418 889 1461 probro
904 1428 912 1449 ε

53 1468 323 1512 Quemcumque
337 1478 454 1500 tamen
466 1469 539 1501 haec
555 1466 667 1500 nostra
681 1476 863 1509 paupertas
877 1467 998 1499 locum

53 1516 196 1548 Accedit
210 1542 220 1556 ‚
234 1516 282 1549 ibi
298 1517 434 1550 tenellae
450 1527 639 1559 properant
654 1516 795 1548 arbores

54 1563 248 1604 Fruriczwe,
268 1574 393 1598 terram
411 1564 593 1609 cooperire
609 1563 763 1608 gramina
782 1589 792 1604 ,

54 1611 245 1655 variisque
261 1611 366 1646 flores
380 1612 527 1645 emicare
541 1613 718 1646 coloribus
733 1624 743 1645 ε

56 1660 201 1702 Sapiens
219 1671 282 1692 nec
298 1672 387 1694 unus
404 1661 439 1694 in
454 1672 531 1693 mea
545 1660 621 1704 ripa
639 1661 790 1694 amb·.=lat
803 1686 814 1700 ,

55 1708 198 1743 Jacetve
209 1734 218 1748 ,
233 1709 401 1742 meditans
412 1735 421 1750 ‚
436 1710 495 1753 qui
510 1708 570 1742 fiat
586 1708 778 1752 sapientior
792 1720 800 1740 :

56 1757 123 1789 Sed
138 1756 171 1788 &
186 1756 383 1799 frequentes
396 1757 549 1800 undique
565 1758 754 1790 adveniunt
771 1767 853 1790 aves
864 1782 875 1796 ‚

57 1804 147 1846 Quae
166 1805 288 1837 blanda
305 1805 422 1838 nostro
441 1805 610 1838 murmuri
627 1804 862 1838 modulamina
876 1830 892 1846 ,v

59 1852 184 1886 Studio
202 1853 346 1885 canendi
363 1853 543 1898 gestientes
559 1879 568 1893 ‚
585 1854 764 1889 misceant.

59 1899 167 1946 Qubd
179 1900 339 1949 gloriaris
355 1927 364 1944 ‚
380 1900 446 1938 esse
460 1901 627 1950 limpidos
643 1900 708 1939 tibi.
