1225 2367
173 119 267 181 384
332 119 488 167 ΓΑΒ.
522 120 879 165 AEsoPtAR
905 130 999 165 ΠΜ

190 198 1158 246 -εΞΞὲθ-ἑωῗὲὲ-τ-Ξξὺ

299 285 635 332 FABULA
701 286 1033 334 XXXIII.

476 383 622 440 Lupus
656 379 699 426 δ’
731 381 853 428 Ovis.

172 456 270 530 Fi&
282 505 316 528 Μ
328 505 350 529 Ε
369 495 509 530 coactus
522 521 530 537 ,
546 495 771 540 faucibusque
788 495 856 539 jam
873 496 932 530 diu

168 545 280 578 Siccis
297 546 458 578 laborans
474 571 482 585 ‚
499 548 649 588 praedam
664 547 838 589 quaerebat
850 547 967 590 Lupus
983 558 993 582 :

168 595 236 626 Sed
251 593 452 637 opilionum
469 594 616 638 diligens
630 594 782 627 custodia
793 621 802 636 ‚

167 643 409 686 fideliumque
424 643 552 687 vigiles
569 642 726 675 excubiae
743 654 869 676 canum

169 691 287 724 Omne
304 703 412 735 pecus
427 691 524 724 omni
542 692 768 725 defendebant
781 703 798 725 a
815 694 921 727 malo.

168 740 264 782 Quid
277 751 354 784 agat
369 742 381 773 ἒ
396 740 586 772 stimulavit
602 740 783 783 ingenium
800 740 988 774 necessitas
1002 753 1012 776 ι

167 789 274 830 Quod
292 788 330 820 vi
344 788 438 821 nefas
456 787 503 820 est
519 787 648 831 ass’equi
659 813 668 827 ‚
686 790 883 833 aggreditur
899 791 996 824 dolo.

165 837 239 870 Sibi
253 846 367 870 totum
382 836 491 871 ovilla
507 838 598 880 pelle
615 847 741 880 corpus
755 838 890 883 obtegit
904 850 914 872 ε

165 884 304 918 Adeffet
322 897 396 918 vox
413 885 523 918 ovilla
534 911 542 925 ‚
557 884 698 918 (lixiffes
716 897 836 920 ovem.

165 935 218 967 lta
234 934 439 978 personatus
452 933 543 967 tea-a
557 933 739 978 straminea
754 935 843 978 petit
856 960 865 976 ‚

166 982 235 1016 Ubi
251 994 339 1016 oves
355 983 540 1015 meridiani
553 982 712 1015 vitabant
728 995 873 1028 gravem

165 1032 259 1064 Solis
276 1033 430 1065 calorem
445 1044 454 1069 ·,
469 1043 644 1074 unamque
662 1031 711 1064 sic
728 1043 789 1075 per
805 1032 949 1066 rimulas

163 1079 219 1112 Est
239 1082 410 1114 allocutus
427 1093 434 1113 :
452 1081 532 1113 Huc
547 1081 625 1113 ades
643 1091 799 1122 mecum,
815 1082 934 1123 soror,

164 1128 249 1171 Quo
264 1140 370 1173 purus
385 1129 442 1162 aei·
453 1155 461 1170 ,
478 1127 549 1173 quo
567 1129 657 1162 levis
671 1129 838 1163 favonius
849 1156 858 1171 ‚

164 1178 206 1210 Et
223 1178 380 1223 gramina
396 1188 529 1211 vocant
545 1178 670 1211 dulcia.
685 1178 845 1223 Agnovit
858 1177 985 1213 Bidens

163 1228 303 1260 Vocem
319 1227 409 1270 Lupi
424 1239 434 1265 ·,
452 1228 641 1270 dolumque
658 1227 824 1271 castigans
841 1229 944 1261 dolo:

164 1276 385 1320 obsequerer
397 1277 491 1308 ultro
503 1301 512 1316 ,
527 1275 637 1316 dixit,
653 1275 683 1308 si
700 1276 777 1319 quis
795 1286 831 1309 tu
847 1277 966 1319 Lupus

163 1325 367 1359 Generosus
385 1324 468 1357 effes
487 1326 521 1356 δε
538 1324 673 1357 validus
685 1350 693 1364 ‚
711 1325 770 1368 qui
785 1336 840 1358 me
854 1324 960 1357 nimis

161 1374 338 1406 Tinudam
357 1374 391 1407 &L
404 1372 579 1406 infirmam
595 1373 634 1406 ab
651 1373 804 1406 hostibus
818 1374 1032 1408 defenderes.

160 1423 220 1455 Nil
238 1432 355 1456 metue
373 1435 381 1456 :
399 1422 476 1454 talis
498 1432 565 1466 ego
582 1421 675 1462 sum,
691 1423 828 1465 qualem
845 1432 883 1455 tu
896 1421 1007 1462 velis,

160 1471 278 1515 Lupus
293 1471 453 1515 reponit3
470 1471 503 1503 δι
519 1470 623 1503 simul
636 1472 769 1503 larvam
783 1470 911 1511 abjicit.

161 1520 254 1552 Ovis
271 1521 326 1553 hic
343 1519 498 1561 jocatum
515 1519 549 1551 δε
566 1545 575 1559 ,
589 1519 681 1551 Bene
698 1518 764 1559 est,
783 1519 896 1564 inquit
910 1530 919 1556 3
935 1516 1023 1550 mihi

159 1568 237 1601 Vix
253 1568 339 1601 alius
357 1567 423 1601 effe
437 1566 590 1600 validior
603 1566 716 1600 custos
731 1567 841 1610 potest
856 1580 864 1601 ε

158 1617 354 1650 Adsciscere
368 1626 484 1649 tamen
501 1615 608 1648 nostri
622 1615 810 1659 participes
823 1615 909 1649 boni

160 1665 339 1708 Quosdam
351 1691 360 1705 ,
377 1664 441 1697 tibi
454 1690 462 1704 ,
476 1673 563 1707 puto
575 1690 583 1704 ‚
600 1675 672 1696 non
686 1664 887 1708 incognitos
902 1689 911 1704 ,
931 1662 1054 1705 iuvat:

159 1714 303 1748 Paulum
317 1713 479 1758 opperire
491 1738 500 1752 ,
518 1713 599 1745 dum
616 1723 716 1745 canes
732 1713 799 1746 huc
816 1714 966 1747 advoco,

160 1764 342 1796 Damnum
355 1761 421 1796 sibi
435 1762 552 1805 Lupus
573 1772 616 1794 ne
633 1772 731 1794 mora
746 1761 884 1795 afferret
899 1761 1027 1802 timens
1040 1784 1052 1802 ‚

160 1811 309 1845 Pedibus
323 1812 466 1845 salutem
480 1810 623 1843 credidit
636 1809 748 1843 statim
762 1810 844 1844 suis.

209 1861 345 1893 Dolum
359 1858 539 1892 innocenti
554 1859 690 1892 nestere
704 1860 835 1892 malum
848 1857 908 1904 qui
924 1866 1020 1902 parat
1032 1881 1042 1897 ,

160 1908 313 1943 Meliore
328 1908 382 1953 jus
396 1907 443 1942 est
454 1908 547 1942 hunc
559 1907 702 1943 refutari
715 1909 810 1944 dolo.
856 1940 858 1942 .

919 1956 945 1990 F
956 1955 986 1988 A
995 1954 1019 1988 B
1034 1955 1068 1988 U
1081 1953 1108 1988 L
1117 1952 1149 1987 A
