1268 2361
251 109 494 155 *LIBER
546 119 855 154 PRIMUS.

59 190 129 227 Sed
143 190 250 226 etiam
260 218 270 232 ,
284 190 381 236 quod
396 192 446 225 sic
461 200 540 224 nata
557 190 623 224 sim
635 216 644 232 ,
657 190 744 224 mihi
761 191 937 235 gratulor,

60 241 203 287 Quippe
219 241 330 285 magis
345 241 516 284 expeditae
532 253 540 273 z
559 250 593 272 at
610 251 727 273 ocreas
744 240 809 273 tibi

59 289 170 332 Quod
186 289 253 323 fata
269 289 423 322 dederint
435 315 443 330 ‚
458 289 541 333 quid
556 300 595 322 ea
610 287 714 329 jactas
730 300 873 322 munera
889 290 902 322 .²

59 337 188 371 Vincla
203 337 269 371 effe
285 337 402 382 Ροῑίὺς
413 363 422 378 ‚
437 338 540 382 quam
559 347 761 370 ornamenta
773 363 781 377 ‚
795 337 944 370 dixerim
958 350 969 373 ι

58 385 197 420 Etenim
214 387 373 430 experire
387 398 397 423 ·‚
415 397 488 419 non
504 384 611 419 modo
628 385 715 418 nihil
731 385 896 427 adjuvent
907 412 917 427 ‚
937 384 946 391 “

58 435 126 468 Sed
141 435 247 468 etiam
264 435 454 478 impediant
466 462 474 475 ,
488 445 530 468 ne
547 434 627 467 satis
643 433 743 467 facile
759 436 928 470 ambules.

56 483 125 517 His
142 484 292 517 excitata
307 483 424 517 verbis
436 510 445 524 ‚
459 495 477 516 a
494 484 527 516 se
544 483 719 526 plumipes

56 532 141 566 Ova
157 532 313 565 incubari
329 543 401 565 non
417 531 578 565 meminit
592 544 600 564 :
619 541 656 564 ut
673 531 706 564 se
722 532 848 576 probet

55 580 156 614 Poffe
172 582 346 615 ambulare
363 580 548 615 commode
559 606 568 621 ‚
583 580 666 614 nido
683 580 803 614 exsilit

55 628 217 673 Repente
228 656 236 670 ‚
252 631 285 663 ὅ(
302 630 413 663 ocreis
431 629 534 663 simul
551 628 779 663 inhaerentem
795 629 864 664 suis

55 677 162 721 Spem
179 679 310 712 sobolis
327 679 435 722 rapit,
450 678 603 711 &inscia
619 678 723 711 illidit
737 678 828 713 solo.

55 725 172 760 Vestis
188 727 326 760 luxuria
343 727 532 772 gloriantes
549 726 677 760 indicat

55 774 193 810 Fabella
207 778 324 820 plures
340 787 439 810 ruere
454 775 493 809 in
508 775 658 810 exitium
675 786 796 820 grave.

185 853 657 903 c—x—“ssa‘fiffl

281 944 314 987 F
347 943 388 988 A
422 943 455 988 B
491 943 536 988 U
570 943 605 988 L
638 941 680 986 A
761 941 823 988 X.

486 1037 617 1097 Capo.

892 868 916 895 ὓ·

55 1109 150 1188 H
162 1162 188 1186 A
201 1160 220 1186 Β
233 1162 254 1186 E
266 1163 286 1187 Β
298 1163 324 1186 A
336 1162 360 1186 τ
377 1152 503 1198 aliquis
522 1154 702 1198 Caponem
713 1179 722 1196 ‚
736 1153 949 1188 chortalibus

54 1201 129 1235 Prae
145 1202 268 1235 ceteris
285 1202 425 1236 alitibus
442 1202 605 1236 dilectum
622 1202 689 1236 sibi
704 1215 714 1240 ·‚

53 1251 107 1284 Ita
122 1260 179 1290 ut,
192 1261 386 1294 pennarum
404 1252 502 1284 nullo
519 1251 746 1294 conspicuum
761 1251 844 1285 lic'et

53 1299 181 1332 Nitore
192 1325 201 1339 ‚
214 1300 397 1342 pulchrum
412 1300 504 1332 hunc
520 1298 586 1332 effe
602 1309 719 1332 totum
735 1301 887 1334 crederet
900 1313 912 1335 ι

53 1347 154 1381 Adeo
171 1347 218 1381 est
233 1358 410 1380 amantum
427 1359 513 1380 caeca
530 1347 689 1380 deliratio
706 1351 712 1382 Ξ

52 1396 238 1440 Etiamque
254 1396 365 1429 tinstu
381 1396 517 1429 fasciam
534 1396 708 1441 insignem
725 1398 830 1430 rubro

53 1446 108 1480 Ad
124 1445 197 1486 ejus
215 1447 344 1478 collum
361 1444 481 1478 stultus
499 1445 711 1490 alligaverat.

51 1494 195 1527 Ornatu
210 1493 266 1526 hic
283 1504 398 1526 autem
415 1494 567 1539 glorians
585 1505 683 1527 novo
694 1520 703 1535 ‚
718 1494 866 1527 additam

52 1543 131 1576 Sibi
147 1552 246 1586 putat
261 1542 327 1576 effe
344 1542 466 1575 miram
484 1543 778 1587 pulchritudinem
793 1556 801 1577 z

53 1591 146 1636 Ergo
165 1591 323 1624 celeriter
340 1591 409 1624 sese
430 1592 565 1625 confert
581 1593 621 1624 ad
637 1593 731 1626 suos.

53 1640 218 1683 Ineptum
236 1650 269 1672 at
286 1639 337 1673 illi
353 1651 426 1673 non
443 1640 589 1674 ferentes
602 1667 611 1681 ‚
624 1641 787 1684 protinus

54 1687 194 1721 Omnes
211 1690 252 1721 ad
267 1700 374 1722 unum
392 1689 560 1722 invadunt
572 1716 581 1730 ,
596 1690 628 1722 ὃ(
646 1690 839 1732 procaciter

55 1736 205 1770 Illudere
223 1748 354 1770 certant
365 1763 373 1777 ,
388 1737 603 1771 omnibus&
618 1748 750 1771 vexant
768 1737 920 1782 probris.
967 1760 970 1761 ν

107 1785 204 1822 Loco
221 1785 268 1822 est
282 1786 487 1835 ignominiae
502 1787 619 1825 honor
633 1787 779 1833 indigno
797 1788 909 1822 datus.

790 1943 860 1978 Av

1019 121 1050 170 9
