1268 2361
180 111 411 155 LIBER
470 119 879 156 SEPTIMUS.
955 125 1038 177 145

48 191 186 227 Divina
203 192 264 237 qui
281 192 314 225 se
331 190 562 224 Providentia
578 191 652 236 regi

48 241 163 284 Sinit‚
181 240 291 276 unice
310 241 410 274 illum
426 240 545 284 sapere
563 251 658 274 nunc
674 239 852 286 intelligo,

438 319 923 366 εει-ὲῆζὲό-ιξ)

243 409 275 452 F
309 407 350 452 A
386 407 419 452 B
456 406 502 452 U
537 407 573 451 L
609 406 650 450 A
741 409 786 453 V
821 409 855 453 I.

180 503 357 564 Lepores
379 537 393 560 ,
431 505 568 549 Canes
596 538 612 560 ,
660 501 704 550 ὃ·
745 506 917 564 Vulpes.

179 336 204 362 ·ss

49 573 129 655 :E
143 630 161 653 F
176 630 195 653 r
206 628 234 653 u
247 628 273 653 G
284 628 306 652 E
318 628 344 652 R
355 628 378 652 F.
401 618 538 663 semper
554 618 707 663 impetus
723 618 859 664 primos
876 621 1009 656 Canuti

50 668 142 702 Ct'im
159 679 368 715 cogerentur
384 669 540 713 Lepores
554 695 564 709 ‚
581 669 648 701 etsi
664 669 843 702 maximos

49 717 217 751 Conflare
233 719 323 762 saepe
340 717 534 751 didicerant
550 717 728 750 exercitus
747 743 757 758 ‚

49 766 247 811 Vulpinam
261 767 303 799 ad
319 777 460 811 gentem
476 766 708 811 supplicatum
722 765 874 811 denique

48 815 205 855 Misere,
234 817 345 849 vellet
360 815 548 849 auxiliares
567 815 688 860 copias

50 864 126 898 Sibi
143 866 384 899 commodare.
402 865 539 909 Vulpes
551 890 560 905 ‚
575 875 661 909 quas
678 864 803 898 odium
818 875 922 900 vetus
933 891 945 908 ,

50 913 92 947 Et
108 914 158 947 ira
174 913 326 948 stimulat
343 912 433 947 acris
448 912 614 947 adversus
631 915 744 947 Canes
759 940 769 955 ,

49 962 194 996 Auxilia
209 963 382 1008 spondent
398 975 407 996 :
426 972 578 996 coeunt:
598 963 641 996 ad
657 974 782 1009 pugnae
797 965 916 997 locum

50 1010 244 1056 Properant
255 1012 457 1057 frequentes
471 1024 481 1050 ·‚
499 1021 533 1045 at
547 1037 557 1052 ‚
573 1012 701 1056 quibus
718 1023 863 1057 operam
881 1013 1025 1056 dicant,'

49 1060 148 1094 Stare
163 1060 301 1094 otiosos
313 1087 322 1102 ‚
338 1071 464 1105 utpote
483 1060 640 1094 imbelles
651 1086 661 1101 ‚
675 1060 817 1103 jubent,

49 1110 105 1143 Ne
120 1109 213 1143 forte
230 1110 332 1143 solita
347 1109 537 1143 timiditate
550 1109 712 1143 exterriti
727 1137 737 1151 ,

43 1159 290 1203 -Corrumpant
303 1158 441 1192 animos
456 1158 687 1192 dimicantum
703 1159 852 1194 strenue.

49 1207 205 1252 Lepores
219 1208 433 1252 promittunt
443 1234 452 1247 ,
466 1207 602 1253 legibus
616 1208 650 1240 se
667 1207 802 1241 inertiae

48 1256 117 1290 His
130 1282 139 1297 ,
155 1267 358 1301 quanquam
374 1255 534 1299 turpibus
547 1281 556 1296 ,
570 1255 801 1290 obsecuturos
815 1257 905 1291 fore.

50 1305 208 1349 Pugnam
226 1316 310 1349 ergo
328 1303 458 1348 placidi
473 1303 640 1348 speQant.
662 1303 889 1339 Postmodum
905 1316 1022 1342 tamen

50 1355 93 1387 Et
107 1364 254 1387 numero
273 1354 306 1386 ὅ(
323 1352 395 1387 astu
412 1352 608 1396 superiores
623 1353 796 1397 Vulpium

50 1403 242 1448 Phalanges
261 1402 415 1436 Canibus
428 1402 619 1446 praevalere
634 1401 712 1434 cum
728 1402 852 1436 vident
865 1429 875 1444 ,

51 1454 273 1486 Concurrere
286 1452 415 1484 audent
429 1476 440 1492 ,
456 1451 486 1484 si
502 1461 631 1496 queant
647 1450 800 1495 aliquam
818 1452 886 1486 sibi

49 1499 206 1535 Afferere
222 1510 356 1544 partem
370 1499 480 1533 laudis
495 1499 530 1532 &
543 1498 715 1533 vietoriae.

51 1550 120 1584 Sed
132 1549 193 1583 ubi
207 1549 386 1584 intuentur
400 1548 546 1593 propius
563 1548 601 1581 in
615 1548 805 1582 teterrimis

31 1631 34 1635 ,
50 1597 160 1635 Foede
173 1599 384 1632 excubantes
401 1597 557 1631 vultibus
571 1596 721 1630 hostium
736 1598 849 1632 minas
865 1624 875 1639 ,

53 1650 159 1681 Caeco
176 1658 309 1691 pavore
325 1657 449 1680 omnes
462 1646 566 1680 simul
578 1646 674 1679 versi
687 1656 782 1680 retro

52 1697 184 1742 Fugere
199 1708 210 1734 ·,
226 1694 417 1740 turmisque
430 1694 617 1728 socialibus
636 1696 729 1728 malo

53 1745 200 1781 Suasere
216 1745 382 1788 exemplo
393 1769 402 1785 ‚
421 1754 584 1788 caperent
598 1753 636 1776 ut
649 1743 802 1777 similem
817 1743 952 1789 fugam.

51 1807 56 1813 “
102 1794 259 1838 Pugnare
272 1793 367 1825 solos
380 1792 566 1825 bellicosos
582 1793 736 1835 expedit.

50 1841 254 1878 Imbellium
268 1851 394 1888 agmen
408 1839 516 1874 officit
526 1866 536 1882 ‚
550 1841 677 1875 nedum
693 1840 849 1883 adiuvet.

813 1958 849 1996 G
