1225 2367
182 125 276 186 360
344 123 497 166 ΕΑΒ.
534 121 1020 167 AESOPIARUM

177 204 366 241 Ludibria:
382 214 456 237 tum
470 202 674 248 quatiuntur
688 202 869 247 pomiferae
885 203 1025 236 arbores
1039 227 1051 244 ‚
1101 228 1105 229 γ

179 255 460 297 Pubentiumque
474 263 570 296 parte
584 252 709 296 magna
726 251 899 284 fruCtuum

179 303 384 346 spoliantur
399 314 408 339 ·,
425 302 558 344 aliquas
575 301 682 333 etiam
694 327 702 340 ‚
719 310 789 332 tres
805 309 862 333 aut
877 308 1047 344 quatuor,

179 350 407 384 Violentiore
423 349 579 382 turbines
594 349 660 382 acti
677 349 812 391 impetu

179 399 367 432 Radicibus
383 398 546 440 disruptis
560 398 698 430 eversas
715 407 832 430 ruunt.

179 447 307 480 'Vicitus
324 448 446 480 dolore
463 445 622 479 Rusticus
641 458 649 479 ε
667 444 832 478 Vestrum
847 443 914 486 est,
935 444 1003 486 ait,

180 498 332 530 Feroces
348 507 371 528 o
387 494 548 539 tyranni,
565 496 770 538 praeclarum
783 494 852 526 hoc
867 504 957 537 opus
968 517 979 534 ,

181 544 417 588 Vestrumque
430 543 565 577 facinus
582 546 587 576 !
605 553 640 576 at
655 541 812 587 praestare
826 541 908 585 quid
921 540 1006 575 boni

180 593 328 626 Potestis
344 594 356 626 ?
373 593 504 625 Amens
520 592 574 624 his
590 592 731 625 Ventos
747 590 924 623 conviciis

180 642 273 675 cum
288 651 423 685 peteret
434 667 443 681 ‚
457 640 510 674 illi
527 639 629 684 plane
643 639 920 684 conquieverant
933 651 944 677 ·,

179 691 223 723 Et
239 700 476 743 conqmerunt
488 689 639 729 tamdiu,
653 690 765 722 donec
778 698 902 741 putres

179 739 199 774 J
204 750 358 783 ugesque
375 738 479 770 inerti
495 738 714 781 aspergerent
727 736 856 769 vitium
873 735 945 768 aeri

181 788 300 820 Terrae
316 797 480 829 vapores.
496 786 565 818 Hic
577 786 687 818 homo
704 796 826 818 meus:
842 785 937 818 Hui.
930 787 936 807 ¹
955 782 1042 817 statu

182 834 240 869 Sic
255 846 366 879 usque
381 835 506 867 eodem
521 835 644 866 caelum
661 833 887 889 pertinaciter

176 884 329 921 Manere
346 886 352 917 1
374 882 466 916 certe
478 908 487 922 ‚
505 882 542 914 ni
558 892 745 915 moveatur
758 881 877 922 ocius,

182 931 345 965 Obducta
362 931 490 964 misero
506 931 628 964 cundia
639 931 861 975 languescent
877 929 960 965 situ.

183 980 262 1014 Vix
274 991 315 1013 ea
329 981 450 1013 locuto
465 980 603 1013 Ventus
617 991 662 1012 en
674 978 876 1023 supervenit

182 1029 310 1061 Aridus
321 1054 330 1069 ‚
348 1029 381 1061 &
394 1039 492 1061 auras
509 1028 688 1071 pestilente
705 1027 833 1060 inertia

184 1077 324 1110 Liberat
335 1103 344 1117 ,
363 1077 397 1110 &
414 1088 537 1109 omnes
552 1076 648 1110 illico
667 1077 811 1109 nebulas
824 1075 919 1120 fugat
929 1099 939 1117 ‚

185 1127 376 1169 Solemque
390 1125 521 1168 campis
536 1125 645 1158 reddit
660 1124 934 1168 optatissimum.

185 1176 232 1207 At
246 1184 279 1206 at
290 1175 477 1213 ‚Colonus
493 1173 608 1217 inquit
624 1172 796 1206 admirans
808 1198 816 1213 ‚
831 1171 943 1216 prope
962 1170 1010 1205 est

186 1223 237 1255 Ut
254 1222 313 1255 illa
328 1221 434 1265 plan‘e
452 1233 543 1254 nunc
557 1222 710 1255 refellam
721 1248 731 1262 ,
748 1233 824 1265 quae
840 1220 935 1265 prius

184 1271 319 1304 Acerba
336 1270 410 1303 djxi
427 1269 464 1302 in
477 1281 582 1303 omne
596 1271 798 1303 Ventorum
814 1280 922 1315 genus
941 1281 950 1303 :

186 1320 279 1352 Nam
292 1320 352 1351 vel
365 1318 553 1362 Aquilonis
568 1318 628 1352 iste
645 1318 746 1352 flatus
757 1344 766 1359 ,
781 1319 841 1362 qui
855 1315 962 1351 modo

184 1367 314 1411 Irrupit
324 1393 333 1408 ,
349 1366 468 1400 omnia
482 1367 652 1401 recreavit
669 1366 867 1400 commode.

239 1415 510 1449 Commotiones
528 1416 642 1449 cordis
655 1416 800 1449 humam
813 1416 916 1448 docet

186 1465 344 1504 Fabella,
360 1474 488 1503 ventos
505 1463 571 1496 effe
588 1464 755 1508 quosdam
769 1489 779 1505 ‚
793 1463 854 1508 qui
868 1463 965 1496 vices

186 1512 365 1549 obeundo
380 1512 519 1554 varias,
532 1511 640 1546 modo
657 1522 807 1554 nocent,
822 1511 930 1545 modo
946 1507 1000 1544 ὅ(
991 1517 1128 1552 juvant·

553 1672 674 1733 537>-
647 1672 810 1735 QG?

957 1949 1176 1984 FABULA.

1206 2192 1216 2281 „a-Q„
1214 2143 1215 2146 „
1213 2117 1217 2130 ..
