1225 2367
148 113 238 177 348
307 109 990 162 FAB.'AE501³1ARUM
1054 129 1056 133 ’

411 191 1147 242 πὲήᾌῇεΞ--Μ

305 282 645 328 FABULA
712 281 976 329 XXVII.

405 377 558 423 Gallus
580 378 618 421 δ’
640 380 884 437 Vulpecula.

152 209 180 234 ἢ

202 449 233 472 7.

145 450 208 524 ,ξῖ
237 502 258 525 E
271 501 294 526 τ
305 500 332 525 U
346 501 365 525 L
376 500 403 525 υ
415 501 431 525 s
449 501 615 536 catusque
633 490 754 525 Gallus
773 492 811 525 in
826 503 925 528 ramo
941 492 1084 533 arboris·

147 540 236 574 Cum
251 551 345 574 tutus
359 541 526 574 insideret
538 553 548 579 3
561 542 631 574 huc
646 542 880 585 Vulpeculam

146 590 320 623 Accedere
334 589 435 623 famis
452 589 592 633 impulit
609 590 797 623 necessitas
813 603 822 624 2

146 638 271 671 Statim
287 638 345 671 illa
358 638 442 671 ficto
456 637 607 683 aggreffa
624 638 809 671 Cristatum
823 639 907 672 dolo
924 651 935 673 t

145 686 242 728 Quid
256 687 312 720 hic
327 687 475 720 moraris
490 689 504 721 ἓ
519 687 555 719 in
569 687 682 719 solum
699 687 785 731 quin
800 689 965 730 devolas,

144 735 343 776 Exclamat,
356 746 395 768 ut
409 736 586 779 indulgere
600 735 704 768 liceat
718 735 846 769 osculis
860 761 871 778 ,

146 784 188 816 Et
203 784 359 817 invicem
376 785 547 817 celebrare
565 783 660 827 pacis
678 795 820 817 munera
837 787 852 818 ἒ

143 832 284 865 Etenim
299 833 327 865 si
342 833 452 866 nescis
464 859 472 873 ‚
489 832 581 865 inter
596 843 719 865 omnes
736 832 857 866 bestias

144 879 277 913 Afferta
292 892 360 924 pax
377 880 423 914 est
434 907 443 922 ,
458 881 575 913 verbis
594 881 627 913 &
644 881 860 914 solemnibus

144 928 210 962 Per
224 928 362 962 feciales
376 930 481 962 hodie
495 929 742 973 publicabitur.

144 977 198 1010 Ad
211 978 283 1010 haec
297 978 439 1021 reponit
453 977 574 1011 Gallus
590 991 597 1010 :
614 978 798 1011 Audieram
813 977 954 1023 quidem

143 1026 186 1058 Et
201 1025 303 1059 facile
318 1028 421 1059 credo
435 1039 443 1060 z
461 1038 506 1060 ex
521 1028 586 1060 hac
600 1026 694 1059 enim
711 1027 848 1070 specula
864 1039 965 1063 canes

143 1074 333 1108 Accurrere
350 1076 437 1108 duos
454 1075 560 1108 video
577 1074 833 1108 robustissimos
849 1102 858 1117 ‚

143 1123 416 1168 Acerrimosque
427 1150 436 1164 ‚
451 1124 539 1156 ferre
556 1123 687 1166 passim
702 1135 790 1168 quos
804 1134 892 1168 puto

143 1171 364 1205 Felicitatem
381 1172 554 1215 publicam
570 1171 819 1207 internuntios,

144 1219 323 1264 Paulisper
335 1220 444 1265 igitur
457 1220 616 1264 exspecta
627 1247 636 1261 ‚
651 1222 732 1254 dum
749 1220 981 1264 advenerintj
1222 1251 1223 1254 ,

144 1269 196 1302 Ut
213 1269 422 1313 gaudeamus
437 1280 560 1302 omnes
571 1296 580 1311 ,
599 1270 633 1303 &
646 1271 773 1303 bonam
789 1270 880 1303 diem
1215 1263 1223 1324 j

144 1317 226 1350 Rite
241 1319 453 1351 celebremus
467 1344 475 1353 .
489 1345 496 1352 .
511 1344 519 1352 .
538 1317 620 1360 Quo
635 1319 749 1363 fugis?
763 1319 878 1353 brevis
893 1319 940 1353 est
953 1331 1076 1360 moras

143 1366 331 1400 Descendo
343 1392 351 1401 .
366 1393 373 1400 .
388 1392 396 1400 .
414 1369 611 1400 manedum.
628 1367 674 1400 At
688 1367 746 1400 illa
759 1368 891 1401 vesano
907 1380 1003 1405 metu

143 1414 299 1448 Perculsa
310 1441 319 1456 ‚
337 1417 485 1449 celerem
498 1415 566 1458 jam
583 1416 772 1459 capessivit
785 1417 913 1461 fugam.

190 1464 364 1509 Decipere
381 1465 443 1510 qui
455 1466 551 1507 vult,
568 1465 742 1509 decipitur
759 1464 1002 1504 meritissim60

582 1618 699 1691 &8ss

532 1707 534 1709 .
580 1678 704 1744 ssffi‘ffi
