1268 2361
0 231 3 246 l

0 251 2 258 r

0 840 6 859 Ι

144 121 312 164 LIBER
345 129 605 162 DECIMUS
642 129 916 174 QUINTUS.
957 118 1048 181 367

57 200 256 245 Dumisque
271 200 504 245 virgultisque
520 200 672 233 clausum
689 200 874 235 commode
886 227 896 243 ,

56 248 106 282 Ut
121 249 233 293 poffet
248 260 353 282 omne
372 251 566 282 clanculum
583 249 701 293 peragi
717 249 828 282 scelus
843 275 852 290 ,

0 297 2 327 l
55 297 116 330 Nil
135 298 365 342 suspicantem
381 298 493 331 saevus
510 298 644 331 invadit
661 299 750 331 latro
766 324 775 339 ,

55 345 98 378 Et
114 346 363 391 apprehensum
380 346 579 390 strangulat.
598 347 732 379 Verum
748 346 890 380 interim

57 394 184 438 Opilio
199 395 350 440 vigilans
369 396 448 428 cum
465 393 712 428 numeraviffet
729 407 890 441 gregem,

55 443 219 476 Advertit
235 455 361 489 agnum
379 443 491 477 abesse
510 456 519 480 ·‚
538 455 601 477 nec
617 454 735 485 mora,
753 445 881 488 incipit

55 491 260 536 Perquirere
275 505 284 530 ·‚
300 504 455 537 moxque
470 494 699 537 praedatorem
714 492 885 536 perfidum
896 519 906 535 ,

54 541 162 574 Attus
178 541 320 574 miselle
338 542 479 586 pecudis
496 542 533 574 in
549 542 705 585 reliquos
722 543 831 575 adhuc

54 588 128 622 Res
135 589 311 623 revientem
328 592 486 624 dentibus
504 590 663 631 nefariis,

0 678 1 681 Ἴ
54 637 212 681 Adspicit
223 664 232 679 ‚
248 639 281 671 &
298 639 348 673 ira
365 639 517 682 percitus
530 665 538 679 ‚
558 650 609 673 ter
625 649 683 672 aut
697 649 820 684 quater

55 685 330 721 Tuburciuantis
347 688 452 731 capiti
470 687 631 721 ferratam
649 688 767 721 sudem

55 734 223 779 Impingit
241 761 250 776 ‚
267 746 304 769 ac
321 735 506 779 prosternit
523 735 722 769 exanimem
740 737 830 770 solo.

104 784 241 817 Fabella
257 784 358 818 docet
370 810 378 825 ‚
393 783 613 828 aliquatenus
631 783 728 828 posse
746 784 888 829 obtegi,

56 831 139 866 Non
154 830 250 877 poss'e
266 832 407 877 penitus
425 832 553 878 corrigi
573 832 729 866 indolem
745 832 864 868 feram.

197 924 918 971 k—ffi—inffiQa-

217 1011 621 1056 FABULA
700 1011 887 1058 XIV.

252 1107 412 1151 Porcus
428 1105 470 1152 G*
485 1108 615 1151 Canis
630 1109 858 1153 venaticus.

8 1164 10 1213 i
58 1177 158 1252 Po
171 1228 194 1252 R
207 1227 228 1252 c
240 1228 267 1253 U
280 1229 297 1253 s
319 1220 458 1254 voracis
474 1221 598 1255 fetidas
616 1221 706 1255 inter
720 1223 810 1267 gulae

56 1268 273 1312 Spurcasque
289 1269 406 1302 sordes
423 1269 533 1303 vitam
551 1270 699 1303 inertem
720 1271 844 1304 vivere

10 1320 11 1358 ᾖ
54 1315 214 1349 Affuetus
226 1342 235 1357 ,
249 1319 432 1360 quemdam
449 1319 540 1353 forte
555 1321 715 1353 Catulum
733 1328 881 1353 noverat

10 1363 13 1375 '¹
55 1364 183 1397 Acrem
201 1366 234 1398 &
248 1366 403 1410 sagacem
415 1393 423 1406 ‚
440 1378 545 1412 quem
562 1367 692 1401 severis
708 1369 844 1413 legibus

55 1412 190 1446 Institui
209 1415 251 1447 ad
267 1425 375 1448 artem
392 1415 456 1449 rite
471 1417 621 1450 venandi
637 1416 760 1450 videns
775 1443 785 1458 ,

54 1461 222 1495 Irrisione
241 1463 352 1507 coepit
369 1464 529 1508 improba
543 1465 704 1509 aggredi,

56 1510 98 1542 Et
115 1511 289 1554 aspernari
305 1523 374 1555 prce
392 1513 425 1546 se
436 1538 445 1553 ,
464 1513 524 1558 qui
542 1516 671 1547 nullam
687 1514 804 1559 gravis

56 1558 289 1592 Severitatem
305 1561 496 1604 disciplinae
513 1562 649 1606 perpeti

57 1607 208 1640 Coastus
219 1634 228 1648 ,
243 1619 359 1653 ageret
375 1621 481 1644 omne
499 1620 636 1655 tempus
654 1611 732 1645 otio
745 1637 757 1653 ‚

54 1655 258 1700 Epulisque.
284 1657 391 1690 Vanae
407 1659 514 1692 sensit
530 1661 751 1693 contumeliae

55 1703 308 1748 Indignitatem
323 1708 465 1741 Catulus
478 1734 486 1748 ,
507 1709 540 1741 &
557 1709 606 1743 sic
621 1709 767 1743 retudit:

53 1752 188 1786 Domat
206 1753 239 1785 &
252 1754 371 1798 fatigat
387 1767 443 1789 me
459 1757 599 1801 quidem
614 1758 771 1791 assiduus
783 1758 884 1792 labor
899 1770 910 1797 i

54 1801 101 1832 At
117 1800 223 1833 simul
239 1803 388 1847 egregiis
405 1804 469 1837 rite
485 1804 586 1849 fingit
602 1806 731 1839 artibus
746 1832 756 1848 ‚

56 1848 211 1882 Evadere
226 1860 329 1884 canes
346 1851 435 1885 inter
448 1862 486 1886 ut
500 1854 682 1888 venaticos

56 1895 199 1932 Virtute
212 1899 348 1942 possim
361 1900 489 1936 nobilis
507 1903 541 1936 &
557 1902 719 1937 industria
734 1928 743 1944 ‚

754 1950 850 1995 in
