1268 2361
222 107 458 151 LIBER
517 92 840 159 “SEXTUS
942 119 1028 167 131*

33 190 120 228 Non
130 187 225 223 belle
243 187 340 234 egisti
355 199 365 226 ·,
383 187 468 233 quid
483 185 579 221 enim
594 185 676 220 hinc
691 197 791 220 erues
804 186 891 220 boni
906 188 919 221 ?

35 238 152 272 Tuum
171 247 206 271 at
221 238 376 271 sodalem
394 236 555 270 callidum
573 244 771 279 emptorem
788 245 874 279 puto
893 247 900 269 :

35 287 78 321 In
93 297 267 320 marmore
284 286 347 319 suo
364 285 554 330 pretiosam
570 284 739 321 videlicet

35 335 153 369 Sensit
168 337 274 369 latere
290 335 435 368 statuam
452 346 461 371 ·‚
481 334 515 366 &
529 334 617 367 hanc
634 332 733 366 facile
748 342 857 365 eruet.

85 384 273 417 Materiam
289 385 414 417 habere
429 382 591 416 idoneam
609 393 732 426 parum
747 382 793 414 est
805 407 813 422 ,
828 380 898 414 nisi

36 432 138 467 Hanc
154 433 276 467 doetus
293 432 454 476 expolire
475 431 570 464 norit
587 431 726 464 artifex.

168 510 872 557 .3-—-235„>e=-—

197 599 229 643 F
258 599 299 643 A
331 598 364 642 B
398 597 443 642 U
473 597 509 642 L
539 597 580 641 A
651 595 697 641 X
725 598 765 641 V
793 597 810 641 Ι
837 600 868 643 Ι.

41 710 134 815 Q
287 680 412 744 Asini
438 683 523 725 duo
551 682 588 725 δ’
611 682 777 739 Vulpis.

875 522 897 547 D.

15 808 23 814 ,
141 784 170 808 U
181 783 205 807 ο
218 784 245 807 D
261 772 372 820 vulgo
389 773 539 814 dicitur,
555 773 671 806 Asinus
684 774 809 817 Asinum
819 772 919 818 fricat
929 802 938 817 ,

37 824 176 859 Dixere
190 824 340 857 Veteres
352 849 361 864 ‚
378 823 522 855 Mutuum
537 823 624 855 Muli
636 821 767 866 scabunt
783 836 792 855 :

36 874 79 919 id
95 872 166 918 quo
180 871 354 917 pertineat
364 898 373 913 ‚
387 882 425 905 ut
438 871 540 905 Asini
553 871 695 916 bipedes
710 883 839 917 queant

38 922 192 957 Pacilius
209 921 392 966 pervidere
403 947 412 962 ‚
428 921 580 954 fabulam
597 922 686 954 hanc
699 922 800 956 daho.

90 972 155 1005 Par
171 970 352 1005 inficetum
369 970 403 1003 &
419 971 621 1003 illaudatum
635 995 644 1011 ‚
661 970 761 1003 Asini
780 972 850 1004 duo

39 1019 202 1065 Opipare
218 1019 354 1064 pransi,
372 1018 602 1063 dulcibusque
620 1020 753 1052 carduis

39 1069 134 1102 Bene
151 1069 316 1108 recreati,
331 1069 413 1101 dum
430 1067 520 1101 inter
536 1069 571 1101 se
588 1070 805 1102 colludcrcnt
820 1081 828 1101 :

39 1118 139 1152 Heus
155 1144 164 1158 ‚
180 1117 295 1161 inquit
310 1127 399 1150 unus
419 1120 425 1150 !
445 1128 483 1150 ut
499 1118 612 1160 placet
623 1142 632 1158 ‚
648 1117 752 1152 frater
764 1144 771 1158 ,
789 1117 853 1151 tibi

39 1166 212 1200 Conditio
230 1165 344 1199 nostra
361 1167 374 1200 ἓ
393 1165 552 1209 corporis
569 1165 675 1199 nostri
693 1167 798 1200 decor

39 1215 165 1257 Qualis
182 1215 322 1247 videtur
336 1216 350 1249 ἓ
369 1215 402 1249 &
419 1214 490 1247 oris
506 1214 565 1247 ista
581 1214 733 1259 dignitas
745 1241 754 1256 ‚

39 1263 98 1296 Isti
115 1261 223 1296 modo
241 1262 335 1296 acuti
350 1288 359 1302 ,
379 1261 488 1296 modo
506 1273 629 1307 graves
645 1263 748 1297 vocis
765 1263 864 1304 soni,

41 1311 108 1345 Iste
125 1311 260 1345 aurium
277 1311 411 1345 subtilis
430 1311 463 1344 &
479 1311 609 1344 nitidus
627 1321 717 1355 apex
732 1338 741 1352 ,
798 1342 802 1345 .

41 1361 129 1394 Haec
144 1359 267 1393 cuncta
284 1370 452 1404 quantum
467 1359 579 1393 laudis
595 1360 723 1393 habent
741 1361 774 1394 ἃ
789 1359 909 1405 gloria:
922 1362 935 1394 ἒ

42 1409 243 1453 Respondet
259 1409 365 1442 alter:
388 1410 458 1441 Cur
474 1419 589 1442 tacere
604 1419 668 1442 nos
683 1410 796 1452 pudor

23 1454 25 1456 ’
41 1459 156 1503 Cogat
171 1483 180 1497 ‚
198 1458 292 1501 quod
309 1456 382 1501 ipsa
397 1456 528 1491 veritas
544 1457 644 1501 loqui
658 1456 753 1499 jubet
770 1460 784 1492 ἓ

41 1506 120 1539 Nos
136 1506 239 1539 ambo
255 1516 382 1550 nempe
398 1505 518 1540 helluli
540 1506 608 1539 toti
625 1506 741 1541 sumus
757 1518 766 1539 :

41 1554 113 1588 Res
128 1565 241 1587 vacua
257 1555 300 1588 ab
317 1554 417 1587 omni
434 1554 677 1588 controversia
692 1564 800 1600 patet.

42 1603 181 1636 Invidia
197 1602 227 1635 si
244 1601 329 1646 quid
339 1603 454 1637 forsan
470 1603 718 1638 obtrectaverit
733 1630 742 1645 ‚

43 1651 142 1694 Quid
155 1661 230 1684 tum
248 1652 261 1685 ἓ
279 1662 376 1684 more
392 1651 456 1685 suo
471 1652 593 1686 fecerit
611 1665 618 1686 :
637 1652 724 1686 solet
740 1651 863 1685 invehi

42 1700 86 1733 In
103 1700 238 1743 optima
253 1711 399 1745 quaeque
418 1713 426 1734 ε
444 1700 615 1734 οὴῑτεᾶετ
631 1701 737 1745 igitur
749 1727 757 1742 ‚
776 1701 809 1733 &
822 1711 954 1745 gemam

94 1749 144 1781 Ut
159 1747 280 1781 omnia
291 1749 421 1793 Vuipis
438 1749 591 1783 audierat
605 1762 615 1783 :
631 1750 708 1783 Vos
724 1751 745 1793 ὁ
761 1749 867 1782 nimis

44 1797 200 1837 Felices,
217 1796 350 1841 inquit,
366 1797 479 1831 bestiae
494 1823 504 1838 ‚
520 1799 645 1842 quibus
662 1799 744 1832 licet
756 1824 771 1838 ‚.

46 1846 98 1878 Ab
113 1845 277 1878 omnibus
290 1856 412 1889 negata
428 1847 568 1880 laudum
584 1858 726 1880 munera
741 1873 749 1887 ,

45 1891 163 1927 'Vobis
181 1895 221 1927 ab
240 1893 327 1938 ipsis
343 1894 497 1929 invicem
514 1895 673 1940 accipere
689 1921 697 1938 ,
717 1896 751 1928 δί
766 1895 833 1928 frui
853 1897 865 1930 !‘
904 1923 907 1926 .

756 1944 781 1976 F
803 1943 845 1986 v}
