1225 2367
171 140 264 192 252
344 127 493 172 ΓΑΒ.
527 126 1010 172 AEsoPIARUM

163 208 304 254 Coqui‚
321 207 439 242 esitari
451 218 522 241 tam
538 207 708 241 formosas
725 207 826 241 alites
843 210 849 242 !

164 259 255 291 Tam
271 257 433 290 delicatas
445 282 454 298 ,
471 266 542 290 tam
558 257 765 289 innocentes
781 255 944 289 vistimas

164 306 323 351 Jugulari
340 308 346 339 !
364 306 415 338 Ab
432 307 502 339 alto
519 304 692 349 proximae
706 315 804 337 ramo
820 305 953 338 arboris

165 355 327 388 Formica
339 380 347 394 ,
365 365 440 398 quae
459 354 492 386 se
506 354 573 386 hue
584 379 593 394 ,
610 353 758 386 evitaret
774 362 811 385 ut
827 363 974 393 necem„

165 404 360 447 Receperat
371 428 379 442 ‚
398 412 602 446 querentem
618 400 794 434 Gallinam
810 400 917 434 audiit
932 412 943 438 ·‚

165 453 209 485 Et
225 478 233 493 ,
249 451 312 484 Ista
329 462 485 494 quaenam
503 450 550 483 est
562 476 570 490 ‚
585 449 718 493 inquit,
736 448 970 492 impudentia,

167 499 276 542 Qubd
291 509 362 532 tam
376 498 496 532 severe
513 500 553 531 de
570 498 756 531 hominum
771 508 862 531 nunc
876 495 1081 541 expostulas·

166 547 401 588 Crudelitate‚
417 547 496 581 esim
512 546 584 591 ipsa
600 556 639 579 tu
652 545 825 579 crudelior

166 596 323 631 Gentem
340 596 538 629 universam
555 595 701 639 prandio
715 605 787 627 uno
804 595 916 627 deleas
931 595 946 628 ?

216 646 392 679 Damnare
409 644 470 689 qui
483 646 561 678 vult
576 643 664 677 alios
680 669 689 684 ‚
706 644 740 676 se
757 642 916 686 inspiciat
930 641 1052 687 prifis..

575 733 1041 781 ussfiffiaffimm

368 821 399 865 F
432 819 472 863 A
505 821 537 865 B
575 820 620 864 U
656 821 692 865 L
722 820 763 865 A
840 819 888 865 X
919 820 954 865 I.

472 914 597 959 Remi
621 912 663 960 6·
684 913 849 959 Clavus.

309 750 332 774 Ἐ

163 987 251 1063 R
264 1037 286 1061 E
298 1037 332 1060 Μ
345 1037 359 1061 1
378 1026 556 1073 increpare
573 1029 749 1072 quondam
766 1028 914 1062 Clavum
928 1036 1119 1073 coeperant:

162 1077 265 1110 Hanc
282 1076 483 1110 diffitabant
498 1076 570 1119 ejus
588 1076 654 1110 effe
669 1077 852 1117 inertiam,

163 1124 273 1168 Qubd
285 1125 468 1158 abstineret
483 1125 705 1158 verberandis
721 1125 881 1158 fluffibus
891 1150 901 1165 ,

163 1174 347 1218 Staretque
364 1174 499 1218 semper
515 1173 620 1207 fixus.
638 1175 734 1206 Dum
751 1173 801 1206 sic
818 1173 1020 1217 obstrepunt

163 1223 435 1255 Tumultuantes
447 1248 455 1263 ‚
470 1221 770 1266 appropinquavit
786 1222 869 1255 ratis

162 1271 217 1303 Ad
231 1271 311 1303 saxa
328 1272 484 1315 quaedam
502 1272 642 1304 occulta
656 1282 663 1303 ε
680 1271 843 1303 damnum
856 1269 1011 1304 sentiunt

161 1319 266 1352 Remi
280 1331 290 1357 ·‚
306 1330 397 1352 unus
413 1320 446 1352 &
463 1330 549 1352 mox
565 1320 670 1359 aiter,
687 1319 721 1352 ὅτ.
737 1329 824 1352 mox
839 1318 964 1352 tertius

161 1368 314 1401 Illiditur
329 1380 337 1401 :
353 1367 504 1402 reflexus
520 1378 555 1401 at
568 1377 670 1401 motu
685 1367 757 1401 levi

161 1418 295 1449 Clavus
314 1426 419 1450 ratem
439 1417 537 1450 omni
553 1417 675 1449 liberat
690 1415 848 1459 periculo
865 1427 875 1454 ·,

161 1465 205 1497 Et
224 1490 234 1506 ,
271 1465 382 1509 ,iscite
395 1491 403 1506 ,
418 1465 553 1509 inquit,
569 1464 673 1510 quam
690 1475 763 1497 non
779 1463 849 1497 sint
865 1461 1006 1497 inutiles
1020 1489 1032 1505 ‚

160 1512 257 1548 Reme
290 1513 492 1549 revidentes
511 1513 571 1558 qui
588 1513 781 1558 gubernant
794 1510 984 1556 publicam.

526 1680 804 1797 'Qffi
1179 1691 1225 1892 {³
