1225 2367
213 155 297 218 198
367 156 518 201 ΓΑΒ.
553 157 1034 202 AESOPIARUM

401 323 433 367 F
472 322 508 368 A
544 323 577 367 Β
614 322 658 367 U
693 323 729 368 L
764 323 804 367 A
892 323 939 368 X
974 324 1007 369 Ι.

492 416 649 461 Gallus
669 416 710 462 δ’
731 419 921 463 Cochlea.

235 499 248 524 Ι

207 490 298 567 ,ἱξ-
310 539 338 564 D
357 532 497 564 culmen
511 530 657 565 excelsae
671 531 802 565 arboris
820 533 901 566 dum
915 531 1039 567 nititur

207 580 334 615 Gallus
352 580 386 612 se
401 581 525 614 tollere
540 580 726 614 volitando
738 606 748 621 ‚
764 592 830 614 nec
845 581 958 625 potest
972 594 982 620 ·‚

207 627 287 661 Huc
303 627 498 672 perveniffe
516 630 708 662 Cochleam
725 630 894 663 attonitus
910 629 1023 665 videt.

207 676 349 710 Efficere
366 677 400 710 id
415 687 533 711 autem
550 689 704 722 quonam
719 678 858 712 licuerit
873 679 982 712 modo

207 724 337 758 Pennis
352 726 484 759 carenti
495 751 504 767 ‚
521 726 606 759 scire
625 726 774 770 discupit
785 752 793 766 ,
811 726 844 760 ὅτ.
857 736 970 771 rogat.

207 773 305 815 Quid
320 783 396 807 tum
410 800 419 815 ,
438 774 554 818 inquit
567 775 624 808 illa
640 800 649 816 ,
668 776 698 808 si
713 777 836 808 volare
854 774 974 808 nescio
991 774 1006 810 ξ

208 822 406 867 Adrependi
422 833 531 861 axtem
545 823 655 857 calleo
672 823 780 870 magis
797 822 934 858 utilem.

345 899 1070 948 ·e-----—-:2,f,'o²-··“--—-—-·—³·

378 989 410 1032 F
445 990 486 1033 A
521 987 554 1032 B
590 987 636 1033 U
669 987 705 1033 L
740 989 781 1033 A
866 985 913 1033 X
945 989 965 1034 Ῑ
997 987 1032 1034 I.

498 1084 674 1142 Serpens
699 1082 737 1126 δ’
765 1081 920 1142 Talpa.

210 1152 322 1230 M
334 1206 355 1229 Ε
376 1195 543 1229 caecitatis
560 1196 749 1229 admodum
765 1194 905 1229 miseret
919 1204 988 1231 tuae
999 1221 1009 1238 ,

210 1246 328 1289 Talpae
346 1245 527 1288 inquiebat
543 1245 692 1288 Serpens
708 1256 717 1282 ·‚
735 1255 886 1289 namque
901 1245 967 1279 vix
982 1255 1087 1291 poteo

210 1294 399 1337 Erumpere
416 1294 508 1327 foras
524 1319 532 1333 ‚
552 1293 585 1326 δί
603 1292 818 1337 aliquantum
834 1294 997 1339 progredi
1011 1319 1022 1336 ,

211 1342 311 1385 Quin
325 1352 359 1376 te
376 1342 496 1375 salutis
513 1341 640 1375 offeras
656 1343 830 1386 periculo.

262 1392 347 1424 Haec
366 1401 445 1424 cura
457 1417 466 1431 ‚
481 1390 601 1424 retulit
615 1391 724 1434 Talpa
739 1417 748 1431 ‚
766 1402 809 1424 ne
826 1400 860 1424 te
876 1400 1045 1427 maceret:

212 1438 306 1473 Rari>
323 1440 497 1473 ambulare
515 1439 622 1483 cupio
637 1451 647 1477 ·,
664 1439 847 1473 latibulum
863 1441 965 1482 colo,

211 1488 378 1532 Meisque
394 1487 507 1521 vitam
524 1498 618 1520 tutus
636 1487 673 1519 in
687 1488 839 1520 tenebris
856 1499 935 1533 ago.

212 1537 263 1569 Te
281 1536 368 1570 verb
385 1562 394 1577 ,
412 1536 471 1580 qui
487 1546 558 1568 tam
575 1536 715 1569 acutum
731 1547 869 1569 cernere
886 1536 1009 1570 diceris
1022 1562 1035 1578 ‚

211 1585 362 1617 Nullane
376 1584 531 1627 pericula
544 1594 707 1627 premunt
721 1586 735 1618 ἓ
752 1583 882 1617 Audivi
897 1595 1017 1620 tamen

212 1632 332 1667 Ιεεέτε
348 1632 467 1665 vestrae
486 1634 583 1676 plura
598 1632 711 1677 gentis
729 1643 878 1676 corpora
890 1659 899 1673 ‚

214 1681 330 1725 Quam
346 1680 468 1715 nostrae
484 1707 493 1723 ,
507 1682 635 1714 acerbae
652 1693 729 1726 quae
743 1682 822 1716 data
836 1681 965 1716 fuerint
980 1679 1072 1719 neci.
