1268 2361
225 100 459 144 LIBER
523 108 894 154 QUARTUS,
996 106 1060 162 93·

71 181 160 218 Satis
175 192 339 226 umquam
356 207 364 222 ‚
379 180 469 214 dixit
485 206 493 221 ,
507 180 635 214 hancce
657 179 931 213 misericordiam

71 231 222 266 Laudare
238 229 374 274 poffum
389 231 402 264 ?
419 230 476 263 sed
493 229 576 274 quid
591 238 706 262 autem
724 239 757 262 te
774 229 915 272 impulit

52 279 54 281 ’
71 280 121 313 Ut
134 291 188 312 me
204 278 383 320 adjuvares
397 304 406 318 ,
424 278 502 311 cum
520 278 711 322 propinqui
732 277 837 310 etiarn
858 276 928 311 mei

46 353 53 363 ,
73 328 134 362 Me
153 327 393 371 derelinquant
408 326 524 360 omnis
542 326 665 359 auxilii
680 326 866 370 indigum?

73 377 187 420 Equus
204 375 412 419 simpliciter
427 388 435 408 :
454 375 501 407 Hi
518 375 576 408 sua
593 374 760 408 videlicet
774 400 782 415 ‚

73 425 191 468 Usque
206 424 386 457 affluentes
403 425 484 457 dum
498 423 601 457 bonis
616 423 747 456 vivunt
757 449 766 464 ,
780 421 848 457 frui

53 514 56 520 ἱ
72 473 248 507 Felicitate
266 473 399 506 tantum
414 472 544 505 norunt
558 485 566 505 :
583 471 629 505 ast
642 483 709 516 ego

73 520 212 555 Miseris
226 520 336 555 adeffe
352 521 456 555 didici
475 522 565 554 haud
583 521 722 566 ignarus
737 518 833 555 mali.

198 626 225 650 (ζ
913 623 938 649 θ’

459 611 676 657 22:52}ss

243 696 576 742 FABULA
629 696 889 742 XXVII.

396 790 732 838 Puer&Turb0

14 903 20 909 '
48 936 53 939 Α
75 865 199 942 Du
211 915 245 940 Μ
261 907 406 940 verbere
420 915 516 940 torto
532 906 723 939 Turbinem
741 916 880 941 exercet
893 906 1004 942 Puer:

79 957 149 989 Cur
163 965 196 989 te
211 981 220 996 ,
239 955 352 1000 inquit
363 982 372 996 ,
389 965 427 988 ut
443 955 572 1000 agitere
586 965 686 988 motu
704 955 833 989 idoneo

55 1013 58 1016 ’
78 1003 211 1038 Pulsate
227 1015 335 1050 cogor
350 1006 362 1039 ἓ
380 1005 499 1037 Turbo
516 1004 701 1048 respondet
716 1017 723 1038 :
739 1004 864 1037 Statim

77 1052 171 1086 Iners
185 1052 331 1095 jacerem
347 1079 357 1094 ,
376 1053 445 1087 nisi
461 1053 597 1086 animos
613 1054 722 1098 plagae
740 1054 872 1089 darent.

126 1101 249 1136 Multis
266 1100 398 1136 neceffe
415 1101 462 1135 est
477 1102 599 1135 vexari
611 1128 619 1142 ,
635 1113 678 1134 ne
695 1112 870 1146 torpeant.

521 1190 676 1238 5,,Ἱᾶἒὲ
906 1204 931 1229 2.

205 1289 552 1335 FABULA
619 1288 936 1335 XXVIII.

311 1385 420 1440 Leo,
442 1384 593 1446 Agnus
616 1381 658 1428 δ’
681 1384 825 1431 Cerva.

83 1456 237 1535 λἊῦΝ
249 1508 275 1533 u
288 1507 322 1532 Μ
338 1509 465 1532 vorare
482 1499 564 1531 dum
581 1498 654 1531 Leo
671 1496 856 1532 inventum
873 1509 968 1543 parat
981 1525 994 1542 ,

82 1549 230 1582 Cervam
246 1548 304 1581 sub
320 1548 441 1581 arbore
455 1548 675 1580 recubantem
692 1547 863 1591 conspicit
879 1560 889 1586 ·‚

83 1596 260 1640 Simulque
276 1597 395 1640 praedae
413 1595 569 1629 melioris
582 1595 745 1638 cupidine

82 1643 248 1678 Pellectus
260 1671 269 1685 ‚
285 1644 374 1688 petit
385 1645 473 1677 hanc
487 1656 497 1682 ·,
511 1644 677 1676 viliorem
689 1670 697 1684 ,
713 1655 816 1688 quam
838 1655 933 1678 tenet
948 1671 955 1686 ,

83 1692 238 1737 Respuit.
252 1695 297 1726 At
311 1691 412 1734 hujus
427 1694 540 1726 Cerva
555 1692 732 1726 venientis
748 1693 837 1726 sono

83 1741 290 1781 Admonita,
306 1751 492 1784 promptos
506 1740 541 1773 in
558 1741 661 1784 pedes
678 1741 712 1774 se
729 1740 872 1782 conjicit
887 1754 898 1779 ;

84 1789 126 1824 Et
139 1789 376 1834 insequentem
392 1788 526 1833 pernici
538 1789 646 1822 eludit
661 1789 753 1833 fuga.

84 1838 182 1872 Hanc
195 1838 343 1882 denique
357 1837 415 1870 ille
432 1847 506 1871 non
517 1838 635 1870 valere
651 1837 684 1870 se
701 1836 829 1881 affequi

86 1886 155 1920 Ubi
167 1886 263 1921 videt
273 1912 283 1929 ‚
297 1886 446 1931 primam
456 1911 465 1928 ‚
480 1896 583 1931 quarn
595 1885 695 1921 stulte
712 1886 897 1931 reliquerat
911 1911 921 1930 ,
