<?xml version="1.0" encoding="UTF-8"?>
<!DOCTYPE html PUBLIC "-//W3C//DTD XHTML 1.0 Transitional//EN"
    "http://www.w3.org/TR/xhtml1/DTD/xhtml1-transitional.dtd">
<html xmlns="http://www.w3.org/1999/xhtml" xml:lang="en" lang="en">
 <head>
  <title>
</title>
<meta http-equiv="Content-Type" content="text/html;charset=utf-8" />
  <meta name='ocr-system' content='tesseract 3.04.00' />
  <meta name='ocr-capabilities' content='ocr_page ocr_carea ocr_par ocr_line ocrx_word'/>
</head>
<body>
  <div class='ocr_page' id='page_1' title='image "./fabulaeaesopiaec00desbuoft_0136.png"; bbox 0 0 1256 2362; ppageno 0'>
   <div class='ocr_carea' id='block_1_1' title="bbox 0 0 85 2362">
    <p class='ocr_par' dir='ltr' id='par_1_1' title="bbox 0 0 85 2362">
     <span class='ocr_line' id='line_1_1' title="bbox 0 0 85 2362; baseline 0 0"><span class='ocrx_word' id='word_1_1' title='bbox 0 0 85 2362; x_wconf 95' lang='lat' dir='ltr'> </span> 
     </span>
    </p>
   </div>
   <div class='ocr_carea' id='block_1_2' title="bbox 212 105 1042 169">
    <p class='ocr_par' dir='ltr' id='par_1_2' title="bbox 212 105 1042 169">
     <span class='ocr_line' id='line_1_2' title="bbox 212 105 1042 169; baseline -0.007 -17"><span class='ocrx_word' id='word_1_2' title='bbox 212 114 277 169; x_wconf 76' lang='lat'>&#39;92</span> <span class='ocrx_word' id='word_1_3' title='bbox 376 109 525 151; x_wconf 63' lang='grc' dir='ltr'>ΕΑΒ.</span> <span class='ocrx_word' id='word_1_4' title='bbox 559 105 1042 149; x_wconf 75' lang='lat' dir='ltr'><em>AESOPIARUM</em></span> 
     </span>
    </p>
   </div>
   <div class='ocr_carea' id='block_1_3' title="bbox 204 185 1032 522">
    <p class='ocr_par' dir='ltr' id='par_1_3' title="bbox 204 185 977 424">
     <span class='ocr_line' id='line_1_3' title="bbox 213 185 905 231; baseline -0.004 -10"><span class='ocrx_word' id='word_1_5' title='bbox 213 189 338 221; x_wconf 84' lang='lat' dir='ltr'>Amice</span> <span class='ocrx_word' id='word_1_6' title='bbox 354 213 362 227; x_wconf 94' lang='lat'>‚</span> <span class='ocrx_word' id='word_1_7' title='bbox 379 187 469 220; x_wconf 81' lang='lat' dir='ltr'>dixit</span> <span class='ocrx_word' id='word_1_8' title='bbox 483 213 492 228; x_wconf 86' lang='lat'>‚</span> <span class='ocrx_word' id='word_1_9' title='bbox 509 196 606 220; x_wconf 86' lang='lat' dir='ltr'>tanto</span> <span class='ocrx_word' id='word_1_10' title='bbox 625 197 727 231; x_wconf 84' lang='lat' dir='ltr'>quem</span> <span class='ocrx_word' id='word_1_11' title='bbox 745 185 905 230; x_wconf 87' lang='lat' dir='ltr'>periculo</span> 
     </span>
     <span class='ocr_line' id='line_1_4' title="bbox 214 233 964 280; baseline -0.004 -11"><span class='ocrx_word' id='word_1_12' title='bbox 214 237 382 280; x_wconf 82' lang='lat' dir='ltr'>Ereptum</span> <span class='ocrx_word' id='word_1_13' title='bbox 398 236 504 269; x_wconf 76' lang='lat' dir='ltr'>video</span> <span class='ocrx_word' id='word_1_14' title='bbox 522 249 530 268; x_wconf 77' lang='grc' dir='ltr'>ι</span> <span class='ocrx_word' id='word_1_15' title='bbox 549 236 606 268; x_wconf 87' lang='lat' dir='ltr'>sed</span> <span class='ocrx_word' id='word_1_16' title='bbox 623 235 747 267; x_wconf 77' lang='lat' dir='ltr'>rescire</span> <span class='ocrx_word' id='word_1_17' title='bbox 767 233 939 278; x_wconf 84' lang='lat' dir='ltr'>pervelim</span> <span class='ocrx_word' id='word_1_18' title='bbox 954 259 964 274; x_wconf 96' lang='lat'>‚</span> 
     </span>
     <span class='ocr_line' id='line_1_5' title="bbox 211 283 976 327; baseline -0.003 -10"><span class='ocrx_word' id='word_1_19' title='bbox 211 285 269 317; x_wconf 85' lang='lat' dir='ltr'>Ad</span> <span class='ocrx_word' id='word_1_20' title='bbox 283 295 317 318; x_wconf 93' lang='lat' dir='ltr'>te</span> <span class='ocrx_word' id='word_1_21' title='bbox 334 284 504 325; x_wconf 82' lang='lat' dir='ltr'>jacentem</span> <span class='ocrx_word' id='word_1_22' title='bbox 521 284 599 317; x_wconf 76' lang='lat' dir='ltr'>cum</span> <span class='ocrx_word' id='word_1_23' title='bbox 614 283 758 327; x_wconf 84' lang='lat' dir='ltr'>propius</span> <span class='ocrx_word' id='word_1_24' title='bbox 773 283 953 316; x_wconf 81' lang='lat' dir='ltr'>accederet</span> <span class='ocrx_word' id='word_1_25' title='bbox 965 307 976 323; x_wconf 83' lang='lat'><strong>,</strong></span> 
     </span>
     <span class='ocr_line' id='line_1_6' title="bbox 213 331 977 377; baseline -0.003 -12"><span class='ocrx_word' id='word_1_26' title='bbox 213 333 421 377; x_wconf 89' lang='lat' dir='ltr'>Tecumque</span> <span class='ocrx_word' id='word_1_27' title='bbox 441 332 544 366; x_wconf 83' lang='lat' dir='ltr'>tacite</span> <span class='ocrx_word' id='word_1_28' title='bbox 560 334 645 365; x_wconf 81' lang='lat' dir='ltr'>Pera</span> <span class='ocrx_word' id='word_1_29' title='bbox 660 332 838 364; x_wconf 86' lang='lat' dir='ltr'>videretur</span> <span class='ocrx_word' id='word_1_30' title='bbox 853 331 977 374; x_wconf 78' lang='lat' dir='ltr'>loqui,</span> 
     </span>
     <span class='ocr_line' id='line_1_7' title="bbox 204 379 944 424; baseline -0.003 -10"><span class='ocrx_word' id='word_1_31' title='bbox 204 381 298 414; x_wconf 88' lang='lat' dir='ltr'>-Tibi</span> <span class='ocrx_word' id='word_1_32' title='bbox 313 381 407 415; x_wconf 78' lang='lat' dir='ltr'>forte</span> <span class='ocrx_word' id='word_1_33' title='bbox 425 381 553 414; x_wconf 87' lang='lat' dir='ltr'>moniti</span> <span class='ocrx_word' id='word_1_34' title='bbox 568 380 599 413; x_wconf 81' lang='lat' dir='ltr'>si</span> <span class='ocrx_word' id='word_1_35' title='bbox 615 381 700 424; x_wconf 81' lang='lat' dir='ltr'>quid</span> <span class='ocrx_word' id='word_1_36' title='bbox 715 379 944 413; x_wconf 80' lang='lat' dir='ltr'>instillaverit.</span> 
     </span>
    </p>

    <p class='ocr_par' dir='ltr' id='par_1_4' title="bbox 214 428 1032 522">
     <span class='ocr_line' id='line_1_8' title="bbox 214 428 1032 473; baseline -0.001 -10"><span class='ocrx_word' id='word_1_37' title='bbox 214 429 280 463; x_wconf 87' lang='lat' dir='ltr'>Me</span> <span class='ocrx_word' id='word_1_38' title='bbox 295 430 435 463; x_wconf 87' lang='lat' dir='ltr'>monuit</span> <span class='ocrx_word' id='word_1_39' title='bbox 445 455 454 470; x_wconf 82' lang='lat'>‚</span> <span class='ocrx_word' id='word_1_40' title='bbox 472 428 589 473; x_wconf 88' lang='lat' dir='ltr'>inquit</span> <span class='ocrx_word' id='word_1_41' title='bbox 600 454 608 469; x_wconf 93' lang='lat'>,</span> <span class='ocrx_word' id='word_1_42' title='bbox 624 439 662 462; x_wconf 90' lang='lat' dir='ltr'>ut</span> <span class='ocrx_word' id='word_1_43' title='bbox 679 440 722 461; x_wconf 86' lang='lat' dir='ltr'>ne</span> <span class='ocrx_word' id='word_1_44' title='bbox 736 429 864 473; x_wconf 83' lang='lat' dir='ltr'>pellem</span> <span class='ocrx_word' id='word_1_45' title='bbox 879 428 1032 462; x_wconf 86' lang='lat' dir='ltr'>vendere</span> 
     </span>
     <span class='ocr_line' id='line_1_9' title="bbox 215 476 963 522; baseline -0.004 -9"><span class='ocrx_word' id='word_1_46' title='bbox 215 478 385 518; x_wconf 69' lang='lat' dir='ltr'>Viventis</span> <span class='ocrx_word' id='word_1_47' title='bbox 401 478 484 512; x_wconf 87' lang='lat' dir='ltr'>Ursi</span> <span class='ocrx_word' id='word_1_48' title='bbox 502 478 667 511; x_wconf 80' lang='lat' dir='ltr'>collibeat</span> <span class='ocrx_word' id='word_1_49' title='bbox 681 488 847 522; x_wconf 84' lang='lat' dir='ltr'>umquam</span> <span class='ocrx_word' id='word_1_50' title='bbox 864 476 963 510; x_wconf 82' lang='lat' dir='ltr'>mihi.</span> 
     </span>
    </p>
   </div>
   <div class='ocr_carea' id='block_1_4' title="bbox 680 571 699 578">
    <p class='ocr_par' dir='ltr' id='par_1_5' title="bbox 680 571 699 578">
     <span class='ocr_line' id='line_1_10' title="bbox 680 571 699 578; baseline 0 0"><span class='ocrx_word' id='word_1_51' title='bbox 680 571 699 578; x_wconf 62' lang='lat' dir='ltr'>a-</span> 
     </span>
    </p>
   </div>
   <div class='ocr_carea' id='block_1_5' title="bbox 344 566 823 615">
    <p class='ocr_par' dir='ltr' id='par_1_6' title="bbox 344 566 823 615">
     <span class='ocr_line' id='line_1_11' title="bbox 344 566 823 615; baseline -0.002 -7"><span class='ocrx_word' id='word_1_52' title='bbox 344 583 370 608; x_wconf 55' lang='grc' dir='ltr'>(ς</span> <span class='ocrx_word' id='word_1_53' title='bbox 380 566 823 615; x_wconf 52' lang='lat' dir='ltr'>—ffl—afsssffi</span> 
     </span>
    </p>
   </div>
   <div class='ocr_carea' id='block_1_6' title="bbox 376 575 658 595">
    <p class='ocr_par' dir='ltr' id='par_1_7' title="bbox 376 575 658 595">
     <span class='ocr_line' id='line_1_12' title="bbox 376 575 658 595; baseline 0 1767"><span class='ocrx_word' id='word_1_54' title='bbox 376 575 658 595; x_wconf 95' lang='lat' dir='ltr'> </span> 
     </span>
    </p>
   </div>
   <div class='ocr_carea' id='block_1_7' title="bbox 1057 578 1082 605">
    <p class='ocr_par' dir='ltr' id='par_1_8' title="bbox 1057 578 1082 605">
     <span class='ocr_line' id='line_1_13' title="bbox 1057 578 1082 605; baseline 0 0"><span class='ocrx_word' id='word_1_55' title='bbox 1057 578 1082 605; x_wconf 57' lang='grc' dir='ltr'>ὓ</span> 
     </span>
    </p>
   </div>
   <div class='ocr_carea' id='block_1_8' title="bbox 349 664 1082 826">
    <p class='ocr_par' dir='ltr' id='par_1_9' title="bbox 349 664 1082 826">
     <span class='ocr_line' id='line_1_14' title="bbox 349 664 1082 711; baseline 0 -2"><span class='ocrx_word' id='word_1_56' title='bbox 349 664 522 711; x_wconf 86' lang='lat' dir='ltr'>FAB</span> <span class='ocrx_word' id='word_1_57' title='bbox 559 666 747 711; x_wconf 91' lang='lat' dir='ltr'>ULA</span> <span class='ocrx_word' id='word_1_58' title='bbox 828 664 1082 711; x_wconf 85' lang='lat' dir='ltr'>XXVI.</span> 
     </span>
     <span class='ocr_line' id='line_1_15' title="bbox 543 759 887 826; baseline 0.006 -20"><span class='ocrx_word' id='word_1_59' title='bbox 543 759 887 826; x_wconf 70' lang='lat' dir='ltr'>B05&amp;Equus.</span> 
     </span>
    </p>
   </div>
   <div class='ocr_carea' id='block_1_9' title="bbox 831 596 1049 601">
    <p class='ocr_par' dir='ltr' id='par_1_10' title="bbox 831 596 1049 601">
     <span class='ocr_line' id='line_1_16' title="bbox 831 596 1049 601; baseline 0 0"><span class='ocrx_word' id='word_1_60' title='bbox 831 596 1049 601; x_wconf 95' lang='lat' dir='ltr'> </span> 
     </span>
    </p>
   </div>
   <div class='ocr_carea' id='block_1_10' title="bbox 219 833 1148 1951">
    <p class='ocr_par' dir='ltr' id='par_1_11' title="bbox 219 833 1148 1068">
     <span class='ocr_line' id='line_1_17' title="bbox 224 833 1030 921; baseline -0.001 -10"><span class='ocrx_word' id='word_1_61' title='bbox 224 833 276 912; x_wconf 70' lang='lat' dir='ltr'>S</span> <span class='ocrx_word' id='word_1_62' title='bbox 287 886 313 910; x_wconf 86' lang='lat' dir='ltr'>A</span> <span class='ocrx_word' id='word_1_63' title='bbox 325 886 345 910; x_wconf 81' lang='lat'>1.</span> <span class='ocrx_word' id='word_1_64' title='bbox 358 887 384 911; x_wconf 84' lang='lat' dir='ltr'>U</span> <span class='ocrx_word' id='word_1_65' title='bbox 396 887 415 910; x_wconf 82' lang='lat' dir='ltr'>B</span> <span class='ocrx_word' id='word_1_66' title='bbox 429 886 454 910; x_wconf 75' lang='lat' dir='ltr'>R</span> <span class='ocrx_word' id='word_1_67' title='bbox 465 887 479 910; x_wconf 89' lang='lat'>1</span> <span class='ocrx_word' id='word_1_68' title='bbox 491 886 508 910; x_wconf 91' lang='lat' dir='ltr'>s</span> <span class='ocrx_word' id='word_1_69' title='bbox 532 877 623 910; x_wconf 88' lang='lat' dir='ltr'>inter</span> <span class='ocrx_word' id='word_1_70' title='bbox 637 877 729 921; x_wconf 89' lang='lat' dir='ltr'>prati</span> <span class='ocrx_word' id='word_1_71' title='bbox 747 876 890 911; x_wconf 85' lang='lat' dir='ltr'>delicias</span> <span class='ocrx_word' id='word_1_72' title='bbox 905 876 1030 910; x_wconf 84' lang='lat' dir='ltr'>dabant</span> 
     </span>
     <span class='ocr_line' id='line_1_18' title="bbox 221 925 1148 972; baseline -0.001 -12"><span class='ocrx_word' id='word_1_73' title='bbox 221 925 379 960; x_wconf 88' lang='lat' dir='ltr'>Omnem</span> <span class='ocrx_word' id='word_1_74' title='bbox 396 926 492 960; x_wconf 84' lang='lat' dir='ltr'>suam</span> <span class='ocrx_word' id='word_1_75' title='bbox 510 937 655 970; x_wconf 79' lang='lat' dir='ltr'>operam</span> <span class='ocrx_word' id='word_1_76' title='bbox 672 926 815 970; x_wconf 84' lang='lat' dir='ltr'>corpori</span> <span class='ocrx_word' id='word_1_77' title='bbox 837 926 994 972; x_wconf 88' lang='lat' dir='ltr'>augendo</span> <span class='ocrx_word' id='word_1_78' title='bbox 1009 925 1148 959; x_wconf 87' lang='lat' dir='ltr'>Boves:</span> 
     </span>
     <span class='ocr_line' id='line_1_19' title="bbox 219 972 1062 1019; baseline -0.001 -11"><span class='ocrx_word' id='word_1_79' title='bbox 219 975 387 1017; x_wconf 80' lang='lat' dir='ltr'>Quorum</span> <span class='ocrx_word' id='word_1_80' title='bbox 403 986 493 1008; x_wconf 82' lang='lat' dir='ltr'>unus</span> <span class='ocrx_word' id='word_1_81' title='bbox 509 1001 517 1015; x_wconf 94' lang='lat'>,</span> <span class='ocrx_word' id='word_1_82' title='bbox 531 975 696 1008; x_wconf 86' lang='lat' dir='ltr'>advenire</span> <span class='ocrx_word' id='word_1_83' title='bbox 713 975 792 1008; x_wconf 71' lang='lat' dir='ltr'>cum</span> <span class='ocrx_word' id='word_1_84' title='bbox 809 975 980 1019; x_wconf 84' lang='lat' dir='ltr'>inciperet</span> <span class='ocrx_word' id='word_1_85' title='bbox 995 972 1062 1008; x_wconf 83' lang='lat' dir='ltr'>sibi</span> 
     </span>
     <span class='ocr_line' id='line_1_20' title="bbox 221 1023 875 1068; baseline 0 -12"><span class='ocrx_word' id='word_1_86' title='bbox 221 1024 405 1057; x_wconf 84' lang='lat' dir='ltr'>Bonorum</span> <span class='ocrx_word' id='word_1_87' title='bbox 419 1024 460 1057; x_wconf 86' lang='lat' dir='ltr'>ab</span> <span class='ocrx_word' id='word_1_88' title='bbox 477 1023 550 1068; x_wconf 84' lang='lat' dir='ltr'>ipsa</span> <span class='ocrx_word' id='word_1_89' title='bbox 567 1023 668 1068; x_wconf 82' lang='lat' dir='ltr'>copia</span> <span class='ocrx_word' id='word_1_90' title='bbox 683 1023 855 1056; x_wconf 88' lang='lat' dir='ltr'>fastidium</span> <span class='ocrx_word' id='word_1_91' title='bbox 866 1049 875 1064; x_wconf 90' lang='lat'>,</span> 
     </span>
    </p>

    <p class='ocr_par' dir='ltr' id='par_1_12' title="bbox 222 1071 975 1215">
     <span class='ocr_line' id='line_1_21' title="bbox 222 1071 934 1117; baseline -0.001 -11"><span class='ocrx_word' id='word_1_92' title='bbox 222 1073 357 1107; x_wconf 86' lang='lat' dir='ltr'>Juncos</span> <span class='ocrx_word' id='word_1_93' title='bbox 374 1072 527 1117; x_wconf 82' lang='lat' dir='ltr'>rigentes</span> <span class='ocrx_word' id='word_1_94' title='bbox 542 1072 700 1115; x_wconf 84' lang='lat' dir='ltr'>proximi</span> <span class='ocrx_word' id='word_1_95' title='bbox 715 1074 810 1105; x_wconf 82' lang='lat' dir='ltr'>lacus</span> <span class='ocrx_word' id='word_1_96' title='bbox 826 1071 934 1116; x_wconf 81' lang='lat' dir='ltr'>petit,</span> 
     </span>
     <span class='ocr_line' id='line_1_22' title="bbox 223 1120 975 1167; baseline 0.003 -14"><span class='ocrx_word' id='word_1_97' title='bbox 223 1121 374 1165; x_wconf 86' lang='lat' dir='ltr'>Sperans</span> <span class='ocrx_word' id='word_1_98' title='bbox 391 1121 439 1153; x_wconf 86' lang='lat' dir='ltr'>ibi</span> <span class='ocrx_word' id='word_1_99' title='bbox 456 1121 599 1165; x_wconf 80' lang='lat' dir='ltr'>aliquod</span> <span class='ocrx_word' id='word_1_100' title='bbox 613 1120 870 1154; x_wconf 80' lang='lat' dir='ltr'>irritamentum</span> <span class='ocrx_word' id='word_1_101' title='bbox 886 1122 975 1167; x_wconf 80' lang='lat' dir='ltr'>gulae</span> 
     </span>
     <span class='ocr_line' id='line_1_23' title="bbox 224 1168 902 1215; baseline 0 -12"><span class='ocrx_word' id='word_1_102' title='bbox 224 1169 325 1204; x_wconf 82' lang='lat' dir='ltr'>Poffe</span> <span class='ocrx_word' id='word_1_103' title='bbox 341 1169 486 1213; x_wconf 88' lang='lat' dir='ltr'>reperiri</span> <span class='ocrx_word' id='word_1_104' title='bbox 500 1182 508 1203; x_wconf 87' lang='grc'>;</span> <span class='ocrx_word' id='word_1_105' title='bbox 526 1170 584 1203; x_wconf 89' lang='lat' dir='ltr'>sed</span> <span class='ocrx_word' id='word_1_106' title='bbox 599 1169 704 1203; x_wconf 88' lang='lat' dir='ltr'>simul</span> <span class='ocrx_word' id='word_1_107' title='bbox 718 1168 902 1215; x_wconf 87' lang='lat' dir='ltr'>vestigium</span> 
     </span>
    </p>

    <p class='ocr_par' dir='ltr' id='par_1_13' title="bbox 224 1218 883 1307">
     <span class='ocr_line' id='line_1_24' title="bbox 224 1218 883 1263; baseline 0.002 -12"><span class='ocrx_word' id='word_1_108' title='bbox 224 1219 266 1252; x_wconf 90' lang='lat' dir='ltr'>In</span> <span class='ocrx_word' id='word_1_109' title='bbox 284 1230 345 1251; x_wconf 92' lang='lat' dir='ltr'>ora</span> <span class='ocrx_word' id='word_1_110' title='bbox 360 1218 476 1262; x_wconf 86' lang='lat' dir='ltr'>posuit</span> <span class='ocrx_word' id='word_1_111' title='bbox 492 1219 558 1252; x_wconf 88' lang='lat' dir='ltr'>uda</span> <span class='ocrx_word' id='word_1_112' title='bbox 574 1244 584 1260; x_wconf 92' lang='lat'>,</span> <span class='ocrx_word' id='word_1_113' title='bbox 600 1218 706 1252; x_wconf 83' lang='lat' dir='ltr'>crassi</span> <span class='ocrx_word' id='word_1_114' title='bbox 723 1219 883 1263; x_wconf 86' lang='lat' dir='ltr'>corporis</span> 
     </span>
     <span class='ocr_line' id='line_1_25' title="bbox 225 1266 850 1307; baseline 0.002 -7"><span class='ocrx_word' id='word_1_115' title='bbox 225 1267 410 1301; x_wconf 85' lang='lat' dir='ltr'>Obesitate</span> <span class='ocrx_word' id='word_1_116' title='bbox 427 1266 563 1301; x_wconf 86' lang='lat' dir='ltr'>defixus</span> <span class='ocrx_word' id='word_1_117' title='bbox 579 1294 588 1307; x_wconf 93' lang='lat'><strong>‚</strong></span> <span class='ocrx_word' id='word_1_118' title='bbox 604 1267 745 1301; x_wconf 82' lang='lat' dir='ltr'>inhaesit</span> <span class='ocrx_word' id='word_1_119' title='bbox 758 1269 850 1302; x_wconf 90' lang='lat' dir='ltr'>luto.</span> 
     </span>
    </p>

    <p class='ocr_par' dir='ltr' id='par_1_14' title="bbox 223 1315 956 1362">
     <span class='ocr_line' id='line_1_26' title="bbox 223 1315 956 1362; baseline 0 -13"><span class='ocrx_word' id='word_1_120' title='bbox 223 1317 332 1350; x_wconf 88' lang='lat' dir='ltr'>Illum</span> <span class='ocrx_word' id='word_1_121' title='bbox 348 1316 528 1350; x_wconf 82' lang='lat' dir='ltr'>tenacibus</span> <span class='ocrx_word' id='word_1_122' title='bbox 546 1316 753 1361; x_wconf 80' lang='lat' dir='ltr'>impeditum</span> <span class='ocrx_word' id='word_1_123' title='bbox 767 1315 931 1362; x_wconf 82' lang='lat' dir='ltr'>angustiis</span> <span class='ocrx_word' id='word_1_124' title='bbox 946 1342 956 1358; x_wconf 93' lang='lat'>‚</span> 
     </span>
    </p>

    <p class='ocr_par' dir='ltr' id='par_1_15' title="bbox 226 1365 1073 1702">
     <span class='ocr_line' id='line_1_27' title="bbox 227 1365 1023 1410; baseline 0.001 -12"><span class='ocrx_word' id='word_1_125' title='bbox 227 1365 319 1399; x_wconf 78' lang='lat' dir='ltr'>cum</span> <span class='ocrx_word' id='word_1_126' title='bbox 335 1365 370 1398; x_wconf 87' lang='lat' dir='ltr'>se</span> <span class='ocrx_word' id='word_1_127' title='bbox 385 1366 550 1409; x_wconf 83' lang='lat' dir='ltr'>expedire</span> <span class='ocrx_word' id='word_1_128' title='bbox 566 1376 736 1410; x_wconf 69' lang='lat' dir='ltr'>quaereret</span> <span class='ocrx_word' id='word_1_129' title='bbox 749 1392 758 1407; x_wconf 86' lang='lat'><strong>‚</strong></span> <span class='ocrx_word' id='word_1_130' title='bbox 775 1366 862 1400; x_wconf 84' lang='lat' dir='ltr'>socii</span> <span class='ocrx_word' id='word_1_131' title='bbox 877 1366 1023 1403; x_wconf 80' lang='lat' dir='ltr'>vident3</span> 
     </span>
     <span class='ocr_line' id='line_1_28' title="bbox 226 1414 950 1460; baseline 0.001 -14"><span class='ocrx_word' id='word_1_132' title='bbox 226 1415 423 1457; x_wconf 70' lang='lat' dir='ltr'>mumque,</span> <span class='ocrx_word' id='word_1_133' title='bbox 442 1415 558 1460; x_wconf 82' lang='lat' dir='ltr'>longis</span> <span class='ocrx_word' id='word_1_134' title='bbox 575 1414 654 1448; x_wconf 79' lang='lat' dir='ltr'>cum</span> <span class='ocrx_word' id='word_1_135' title='bbox 671 1415 739 1448; x_wconf 85' lang='lat' dir='ltr'>sibi</span> <span class='ocrx_word' id='word_1_136' title='bbox 758 1415 950 1459; x_wconf 83' lang='lat' dir='ltr'>mugitibus</span> 
     </span>
     <span class='ocr_line' id='line_1_29' title="bbox 228 1462 1059 1507; baseline -0.001 -11"><span class='ocrx_word' id='word_1_137' title='bbox 228 1462 348 1506; x_wconf 84' lang='lat' dir='ltr'>Opem</span> <span class='ocrx_word' id='word_1_138' title='bbox 359 1488 368 1502; x_wconf 80' lang='lat'>,</span> <span class='ocrx_word' id='word_1_139' title='bbox 384 1464 462 1496; x_wconf 81' lang='lat' dir='ltr'>dare</span> <span class='ocrx_word' id='word_1_140' title='bbox 481 1464 611 1496; x_wconf 84' lang='lat' dir='ltr'>vellent</span> <span class='ocrx_word' id='word_1_141' title='bbox 623 1490 631 1503; x_wconf 83' lang='lat'><strong>‚</strong></span> <span class='ocrx_word' id='word_1_142' title='bbox 647 1463 873 1507; x_wconf 83' lang='lat' dir='ltr'>imploraret,</span> <span class='ocrx_word' id='word_1_143' title='bbox 891 1462 1059 1500; x_wconf 84' lang='lat' dir='ltr'>audiunt·,</span> 
     </span>
     <span class='ocr_line' id='line_1_30' title="bbox 227 1511 1073 1556; baseline 0 -12"><span class='ocrx_word' id='word_1_144' title='bbox 227 1512 353 1556; x_wconf 89' lang='lat' dir='ltr'>Neque</span> <span class='ocrx_word' id='word_1_145' title='bbox 371 1512 593 1544; x_wconf 84' lang='lat' dir='ltr'>commoveri</span> <span class='ocrx_word' id='word_1_146' title='bbox 612 1522 674 1544; x_wconf 87' lang='lat' dir='ltr'>eos</span> <span class='ocrx_word' id='word_1_147' title='bbox 698 1522 815 1545; x_wconf 86' lang='lat' dir='ltr'>tamen</span> <span class='ocrx_word' id='word_1_148' title='bbox 836 1511 941 1545; x_wconf 85' lang='lat' dir='ltr'>sentit</span> <span class='ocrx_word' id='word_1_149' title='bbox 957 1511 1073 1545; x_wconf 87' lang='lat' dir='ltr'>miser.</span> 
     </span>
     <span class='ocr_line' id='line_1_31' title="bbox 228 1559 949 1600; baseline 0.001 -8"><span class='ocrx_word' id='word_1_150' title='bbox 228 1559 366 1593; x_wconf 80' lang='lat' dir='ltr'>Interea</span> <span class='ocrx_word' id='word_1_151' title='bbox 382 1570 498 1592; x_wconf 88' lang='lat' dir='ltr'>macer</span> <span class='ocrx_word' id='word_1_152' title='bbox 511 1586 520 1600; x_wconf 85' lang='lat'>,</span> <span class='ocrx_word' id='word_1_153' title='bbox 539 1561 573 1593; x_wconf 85' lang='lat'>&amp;</span> <span class='ocrx_word' id='word_1_154' title='bbox 589 1560 753 1593; x_wconf 84' lang='lat' dir='ltr'>maximis</span> <span class='ocrx_word' id='word_1_155' title='bbox 770 1561 949 1594; x_wconf 85' lang='lat' dir='ltr'>laboribus</span> 
     </span>
     <span class='ocr_line' id='line_1_32' title="bbox 230 1608 1004 1654; baseline 0.001 -13"><span class='ocrx_word' id='word_1_156' title='bbox 230 1609 449 1642; x_wconf 87' lang='lat' dir='ltr'>Exercitatus</span> <span class='ocrx_word' id='word_1_157' title='bbox 463 1634 472 1648; x_wconf 82' lang='lat'>‚</span> <span class='ocrx_word' id='word_1_158' title='bbox 489 1608 679 1653; x_wconf 87' lang='lat' dir='ltr'>multisque</span> <span class='ocrx_word' id='word_1_159' title='bbox 697 1609 846 1643; x_wconf 86' lang='lat' dir='ltr'>miseriis</span> <span class='ocrx_word' id='word_1_160' title='bbox 859 1635 868 1649; x_wconf 83' lang='lat'>,</span> <span class='ocrx_word' id='word_1_161' title='bbox 885 1610 1004 1654; x_wconf 89' lang='lat' dir='ltr'>Equus</span> 
     </span>
     <span class='ocr_line' id='line_1_33' title="bbox 231 1657 1009 1702; baseline -0.001 -11"><span class='ocrx_word' id='word_1_162' title='bbox 231 1657 348 1702; x_wconf 90' lang='lat' dir='ltr'>Prope</span> <span class='ocrx_word' id='word_1_163' title='bbox 363 1657 446 1691; x_wconf 89' lang='lat' dir='ltr'>hinc</span> <span class='ocrx_word' id='word_1_164' title='bbox 462 1657 611 1691; x_wconf 82' lang='lat' dir='ltr'>advertit</span> <span class='ocrx_word' id='word_1_165' title='bbox 625 1657 858 1691; x_wconf 85' lang='lat' dir='ltr'>infortunium</span> <span class='ocrx_word' id='word_1_166' title='bbox 875 1657 984 1691; x_wconf 82' lang='lat' dir='ltr'>Bovis</span> <span class='ocrx_word' id='word_1_167' title='bbox 999 1669 1009 1696; x_wconf 80' lang='lat'><em>3</em></span> 
     </span>
    </p>

    <p class='ocr_par' dir='ltr' id='par_1_16' title="bbox 232 1705 1079 1951">
     <span class='ocr_line' id='line_1_34' title="bbox 232 1705 1039 1749; baseline 0 -11"><span class='ocrx_word' id='word_1_168' title='bbox 232 1705 275 1739; x_wconf 87' lang='lat' dir='ltr'>Et</span> <span class='ocrx_word' id='word_1_169' title='bbox 292 1706 453 1740; x_wconf 85' lang='lat' dir='ltr'>subvenit</span> <span class='ocrx_word' id='word_1_170' title='bbox 468 1708 561 1740; x_wconf 91' lang='lat' dir='ltr'>ultro</span> <span class='ocrx_word' id='word_1_171' title='bbox 577 1732 586 1747; x_wconf 82' lang='lat'>,</span> <span class='ocrx_word' id='word_1_172' title='bbox 605 1707 638 1739; x_wconf 86' lang='lat'>&amp;</span> <span class='ocrx_word' id='word_1_173' title='bbox 653 1706 777 1739; x_wconf 87' lang='lat' dir='ltr'>utilem</span> <span class='ocrx_word' id='word_1_174' title='bbox 794 1706 898 1739; x_wconf 84' lang='lat' dir='ltr'>simul</span> <span class='ocrx_word' id='word_1_175' title='bbox 915 1705 1039 1749; x_wconf 88' lang='lat' dir='ltr'>incipit</span> 
     </span>
     <span class='ocr_line' id='line_1_35' title="bbox 232 1754 1079 1800; baseline -0.002 -11"><span class='ocrx_word' id='word_1_176' title='bbox 232 1754 392 1799; x_wconf 81' lang='lat' dir='ltr'>Operam</span> <span class='ocrx_word' id='word_1_177' title='bbox 407 1755 566 1789; x_wconf 84' lang='lat' dir='ltr'>adhibere</span> <span class='ocrx_word' id='word_1_178' title='bbox 581 1768 589 1789; x_wconf 89' lang='lat'>:</span> <span class='ocrx_word' id='word_1_179' title='bbox 607 1766 686 1788; x_wconf 87' lang='lat' dir='ltr'>nam</span> <span class='ocrx_word' id='word_1_180' title='bbox 700 1757 813 1789; x_wconf 89' lang='lat' dir='ltr'>lutum</span> <span class='ocrx_word' id='word_1_181' title='bbox 825 1755 952 1800; x_wconf 84' lang='lat' dir='ltr'>partim</span> <span class='ocrx_word' id='word_1_182' title='bbox 965 1754 1060 1795; x_wconf 78' lang='lat' dir='ltr'>ejicit</span> <span class='ocrx_word' id='word_1_183' title='bbox 1070 1780 1079 1796; x_wconf 82' lang='lat'>,</span> 
     </span>
     <span class='ocr_line' id='line_1_36' title="bbox 233 1802 1061 1849; baseline -0.001 -13"><span class='ocrx_word' id='word_1_184' title='bbox 233 1803 401 1849; x_wconf 86' lang='lat' dir='ltr'>Teritque</span> <span class='ocrx_word' id='word_1_185' title='bbox 422 1804 548 1849; x_wconf 84' lang='lat' dir='ltr'>partim</span> <span class='ocrx_word' id='word_1_186' title='bbox 565 1804 712 1838; x_wconf 84' lang='lat' dir='ltr'>calcibus</span> <span class='ocrx_word' id='word_1_187' title='bbox 727 1831 736 1845; x_wconf 89' lang='lat'>‚</span> <span class='ocrx_word' id='word_1_188' title='bbox 755 1805 789 1838; x_wconf 71' lang='grc' dir='ltr'>ἃ</span> <span class='ocrx_word' id='word_1_189' title='bbox 805 1805 855 1838; x_wconf 87' lang='lat' dir='ltr'>sic</span> <span class='ocrx_word' id='word_1_190' title='bbox 871 1802 1035 1847; x_wconf 83' lang='lat' dir='ltr'>deprimit</span> <span class='ocrx_word' id='word_1_191' title='bbox 1050 1815 1061 1842; x_wconf 87' lang='lat'>·,</span> 
     </span>
     <span class='ocr_line' id='line_1_37' title="bbox 234 1851 1018 1898; baseline 0.003 -14"><span class='ocrx_word' id='word_1_192' title='bbox 234 1853 454 1898; x_wconf 74' lang='lat' dir='ltr'>facilemque</span> <span class='ocrx_word' id='word_1_193' title='bbox 471 1854 610 1887; x_wconf 86' lang='lat' dir='ltr'>demum</span> <span class='ocrx_word' id='word_1_194' title='bbox 625 1853 800 1886; x_wconf 86' lang='lat' dir='ltr'>tramitem</span> <span class='ocrx_word' id='word_1_195' title='bbox 816 1853 908 1886; x_wconf 88' lang='lat' dir='ltr'>Bovi</span> <span class='ocrx_word' id='word_1_196' title='bbox 923 1851 1018 1886; x_wconf 77' lang='lat' dir='ltr'>facit.</span> 
     </span>
     <span class='ocr_line' id='line_1_38' title="bbox 235 1901 980 1951; baseline 0 -15"><span class='ocrx_word' id='word_1_197' title='bbox 235 1901 309 1949; x_wconf 71' lang='lat' dir='ltr'>Qui</span> <span class='ocrx_word' id='word_1_198' title='bbox 323 1904 389 1938; x_wconf 84' lang='lat' dir='ltr'>tale</span> <span class='ocrx_word' id='word_1_199' title='bbox 403 1913 518 1951; x_wconf 83' lang='lat' dir='ltr'>gratus</span> <span class='ocrx_word' id='word_1_200' title='bbox 535 1904 576 1938; x_wconf 85' lang='lat' dir='ltr'>ad</span> <span class='ocrx_word' id='word_1_201' title='bbox 591 1902 800 1939; x_wconf 83' lang='lat' dir='ltr'>beneficium</span> <span class='ocrx_word' id='word_1_202' title='bbox 817 1901 955 1947; x_wconf 80' lang='lat' dir='ltr'>stupens</span> <span class='ocrx_word' id='word_1_203' title='bbox 968 1913 980 1936; x_wconf 68' lang='lat' dir='ltr'>z</span> 
     </span>
    </p>
   </div>
   <div class='ocr_carea' id='block_1_11' title="bbox 1098 0 1256 2362">
    <p class='ocr_par' dir='ltr' id='par_1_17' title="bbox 1098 0 1256 2362">
     <span class='ocr_line' id='line_1_39' title="bbox 1098 0 1256 2362; baseline 0 0"><span class='ocrx_word' id='word_1_204' title='bbox 1098 0 1256 2362; x_wconf 95' lang='lat' dir='ltr'> </span> 
     </span>
    </p>
   </div>
  </div>
 </body>
</html>
