1268 2361
233 105 468 155 LIBER
525 120 656 154 TER
680 119 754 153 TI
777 120 875 156 vs.
984 109 1047 173 63

1015 203 1042 230 ᾗ

173 278 205 323 F
242 279 278 323 A
315 278 347 323 B
382 278 428 323 U
462 278 498 322 L
533 278 574 323 A
656 276 703 322 X
735 278 783 324 X
816 281 861 325 V
894 281 928 325 I.

313 373 471 439 Rustici
497 370 540 418 δ’
560 373 793 418 Sarmenta.

0 494 3 558 Ι
57 446 150 524 D
165 498 192 523 U
205 497 230 521 ο
253 487 330 522 ctu-n
353 489 530 534 quondam
550 488 684 522 Rustici
701 489 744 522 ad
758 488 843 522 litus
859 488 971 524 maris.

57 538 224 572 Sederent
240 538 349 571 otiosi
366 551 374 571 ι
392 538 529 571 Navem
548 537 732 582 conspicor
746 564 755 579 ‚

0 567 2 640 Ι
54 587 155 623 Unus
173 587 222 620 ait
236 614 244 629 ‚
261 598 409 632 eamque
426 597 651 632 permagnam
668 588 882 623 mehercule.

0 645 2 659 ¹
53 634 136 670 Post
150 635 259 681 pauXo
275 636 365 669 dixit
381 637 489 669 alter:
509 636 582 680 Ego
598 635 686 669 vero
703 635 738 668 id
757 648 847 682 nego
863 663 872 678 ‚

53 684 157 718 Hanc
172 685 240 719 effe
254 697 382 719 navem
396 697 406 723 ·‚
421 695 456 718 at
472 684 537 718 effe
556 686 734 718 contendo
750 685 921 730 scapham.

0 747 1 753 ¹
53 733 263 778 Exspectant
279 747 289 772 ·‚
306 736 447 768 demum
463 735 646 768 Sarmenta
662 734 793 779 appelli
810 735 944 768 vident.

102 783 271 829 Magnam
288 795 333 817 ex
349 783 546 828 longinquo
565 783 626 827 qui
643 783 878 817 reverentiam
895 783 1010 828 parit„

53 830 92 866 Si
106 834 254 878 propius
272 832 378 866 adstet
394 833 483 876 saepe
499 832 565 865 erit
582 833 816 876 contemptui.

449 914 651 964 *ἐῶ-εξ
890 924 911 948 3⁴

212 999 361 1044 FAB
388 1000 551 1045 ULA
619 998 884 1046 XXVII.

166 1096 276 1141 Avis
290 1131 306 1153 ,
331 1095 497 1156 ejusque
515 1096 634 1140 Pulli
652 1129 665 1148 ,
685 1096 724 1140 6³
743 1099 789 1140 V
783 1096 939 1140 illicus.

187 928 211 952 -ss

54 1168 167 1245 M
181 1219 206 1243 ο
218 1220 244 1244 N
256 1220 284 1244 U
296 1220 311 1244 1
322 1219 347 1243 τ
362 1211 500 1244 locatos
517 1209 554 1242 in
570 1210 684 1255 segete
700 1209 821 1242 Pullos
837 1209 926 1243 Avis
940 1235 952 1251 2

52 1261 102 1293 Ut
118 1258 322 1304 diligenter,
337 1259 419 1292 hinc
435 1260 518 1292 dum
539 1258 630 1292 abest
643 1283 652 1299 ,
670 1259 886 1292 attenderent
902 1284 917 1300 ‚⁴

52 1309 111 1341 De
126 1307 230 1341 messe
245 1308 359 1341 sermo
376 1306 406 1341 si
422 1306 533 1341 fieret.
553 1307 643 1340 Pulli
660 1306 758 1339 anxii

51 1356 226 1390 Redeunti
242 1366 385 1390 narrant
400 1356 503 1389 matri
518 1382 526 1398 ,
541 1355 665 1389 amicis
682 1355 859 1389 Villicum

52 1405 132 1439 Suis
150 1404 323 1439 mandasse
341 1406 529 1438 curandum
547 1405 581 1438 id
598 1403 745 1449 negotii.

52 1454 254 1499 Respondet
270 1464 399 1494 mater,
416 1453 483 1488 effe
501 1454 549 1487 nil
564 1453 725 1498 periculi.

52 1504 143 1536 Item
159 1512 347 1538 trementes
364 1503 529 1536 nuntiant
545 1503 617 1536 alio
633 1502 687 1536 die
700 1529 708 1544 ,

52 1551 276 1596 Propinquos
288 1578 297 1592 ‚
314 1550 461 1596 operam
475 1563 519 1585 ne
536 1552 734 1585 recusarent
750 1552 848 1584 suam
865 1575 876 1593 ,

50 1600 224 1645 Rogatus.
243 1601 373 1633 Rursus
390 1599 457 1634 effe
474 1601 615 1634 securos
631 1600 741 1643 jubet.

51 1649 99 1682 At
113 1650 172 1682 illa
188 1650 328 1682 demum
342 1659 380 1682 ut
395 1649 507 1682 audiit
524 1676 533 1691 ‚
549 1661 628 1683 cum
642 1648 718 1683 filio

53 1697 213 1731 Statuiffe
230 1697 402 1731 Villicum
414 1724 423 1739 ,
443 1708 482 1731 ut
497 1698 566 1743 ipsi
583 1709 684 1731 mane
702 1696 842 1742 postero

52 1746 256 1790 Inciperent
272 1747 376 1779 ambo
395 1747 553 1781 triticum
570 1748 762 1780 succidere:

52 1795 241 1839 Fugiamus
253 1821 262 1835 ,
279 1794 396 1839 inquit
410 1808 418 1829 2
435 1795 472 1828 hi
488 1795 566 1829 csun
583 1795 653 1838 jam
671 1807 744 1828 non
759 1795 933 1838 pendeant

52 1842 177 1877 Aliena
193 1855 238 1877 ex
251 1854 358 1887 opera
373 1870 383 1885 .,
400 1845 579 1878 conferent
597 1844 669 1877 cito
687 1846 752 1877 huc
768 1844 876 1876 suam.

101 1892 190 1926 Rem
206 1903 325 1938 gerere
341 1892 414 1938 ipse
430 1903 530 1937 potes
545 1895 559 1927 ἒ
575 1894 663 1926 alios
678 1904 720 1926 ne
737 1891 1012 1936 exspectaveris,
