<?xml version="1.0" encoding="UTF-8"?>
<!DOCTYPE html PUBLIC "-//W3C//DTD XHTML 1.0 Transitional//EN"
    "http://www.w3.org/TR/xhtml1/DTD/xhtml1-transitional.dtd">
<html xmlns="http://www.w3.org/1999/xhtml" xml:lang="en" lang="en">
 <head>
  <title>
</title>
<meta http-equiv="Content-Type" content="text/html;charset=utf-8" />
  <meta name='ocr-system' content='tesseract 3.04.00' />
  <meta name='ocr-capabilities' content='ocr_page ocr_carea ocr_par ocr_line ocrx_word'/>
</head>
<body>
  <div class='ocr_page' id='page_1' title='image "./fabulaeaesopiaec00desbuoft_0026.png"; bbox 0 0 1313 2367; ppageno 0'>
   <div class='ocr_carea' id='block_1_1' title="bbox 252 107 1051 179">
    <p class='ocr_par' dir='ltr' id='par_1_1' title="bbox 252 107 1051 179">
     <span class='ocr_line' id='line_1_1' title="bbox 252 107 1051 179; baseline 0.04 -33"><span class='ocrx_word' id='word_1_1' title='bbox 252 107 372 163; x_wconf 77' lang='lat' dir='ltr'>xviij</span> <span class='ocrx_word' id='word_1_2' title='bbox 470 113 511 156; x_wconf 91' lang='lat' dir='ltr'><em>P</em></span> <span class='ocrx_word' id='word_1_3' title='bbox 543 116 585 160; x_wconf 82' lang='lat' dir='ltr'><em>R</em></span> <span class='ocrx_word' id='word_1_4' title='bbox 619 119 684 162; x_wconf 72' lang='grc' dir='ltr'>ΑΞ</span> <span class='ocrx_word' id='word_1_5' title='bbox 715 123 827 168; x_wconf 81' lang='lat' dir='ltr'>FA</span> <span class='ocrx_word' id='word_1_6' title='bbox 862 127 963 173; x_wconf 93' lang='lat' dir='ltr'>TI</span> <span class='ocrx_word' id='word_1_7' title='bbox 994 132 1051 179; x_wconf 89' lang='lat' dir='ltr'>O.</span> 
     </span>
    </p>
   </div>
   <div class='ocr_carea' id='block_1_2' title="bbox 248 182 1239 263">
    <p class='ocr_par' dir='ltr' id='par_1_2' title="bbox 248 182 1239 263">
     <span class='ocr_line' id='line_1_2' title="bbox 248 182 1239 263; baseline 0.041 -42"><span class='ocrx_word' id='word_1_8' title='bbox 248 182 425 228; x_wconf 87' lang='lat' dir='ltr'>Anienus</span> <span class='ocrx_word' id='word_1_9' title='bbox 438 219 450 238; x_wconf 90' lang='lat'>‚</span> <span class='ocrx_word' id='word_1_10' title='bbox 470 193 534 231; x_wconf 87' lang='lat' dir='ltr'>vel</span> <span class='ocrx_word' id='word_1_11' title='bbox 548 195 728 239; x_wconf 87' lang='lat' dir='ltr'>-Abienus</span> <span class='ocrx_word' id='word_1_12' title='bbox 744 231 756 250; x_wconf 88' lang='lat'><strong><em>‚</em></strong></span> <span class='ocrx_word' id='word_1_13' title='bbox 774 205 840 243; x_wconf 89' lang='lat' dir='ltr'>vel</span> <span class='ocrx_word' id='word_1_14' title='bbox 860 205 1031 252; x_wconf 84' lang='lat' dir='ltr'>Anianus</span> <span class='ocrx_word' id='word_1_15' title='bbox 1045 245 1056 263; x_wconf 92' lang='lat'>‚</span> <span class='ocrx_word' id='word_1_16' title='bbox 1080 217 1143 257; x_wconf 88' lang='lat' dir='ltr'>vel</span> <span class='ocrx_word' id='word_1_17' title='bbox 1164 215 1239 262; x_wconf 59' lang='lat' dir='ltr'>de*</span> 
     </span>
    </p>
   </div>
   <div class='ocr_carea' id='block_1_3' title="bbox 233 562 1199 639">
    <p class='ocr_par' dir='ltr' id='par_1_3' title="bbox 233 562 1199 639">
     <span class='ocr_line' id='line_1_3' title="bbox 233 562 1199 639; baseline 0.041 -42"><span class='ocrx_word' id='word_1_18' title='bbox 233 562 371 602; x_wconf 81' lang='lat' dir='ltr'>vixerit</span> <span class='ocrx_word' id='word_1_19' title='bbox 389 596 401 613; x_wconf 88' lang='lat'><strong>‚</strong></span> <span class='ocrx_word' id='word_1_20' title='bbox 431 570 507 620; x_wconf 57' lang='lat' dir='ltr'>qu&amp;</span> <span class='ocrx_word' id='word_1_21' title='bbox 531 574 579 611; x_wconf 83' lang='lat' dir='ltr'>sit</span> <span class='ocrx_word' id='word_1_22' title='bbox 605 575 724 631; x_wconf 90' lang='lat' dir='ltr'>domo</span> <span class='ocrx_word' id='word_1_23' title='bbox 743 610 754 627; x_wconf 89' lang='lat'>‚</span> <span class='ocrx_word' id='word_1_24' title='bbox 779 584 842 621; x_wconf 87' lang='lat' dir='ltr'>vel</span> <span class='ocrx_word' id='word_1_25' title='bbox 872 599 989 639; x_wconf 87' lang='lat' dir='ltr'>gente</span> <span class='ocrx_word' id='word_1_26' title='bbox 1017 596 1199 636; x_wconf 87' lang='lat' dir='ltr'>oriundus</span> 
     </span>
    </p>
   </div>
   <div class='ocr_carea' id='block_1_4' title="bbox 205 721 1220 1442">
    <p class='ocr_par' dir='ltr' id='par_1_4' title="bbox 205 721 1220 1442">
     <span class='ocr_line' id='line_1_4' title="bbox 228 721 1220 810; baseline 0.041 -52"><span class='ocrx_word' id='word_1_27' title='bbox 228 721 347 762; x_wconf 80' lang='lat' dir='ltr'>driani</span> <span class='ocrx_word' id='word_1_28' title='bbox 367 734 605 781; x_wconf 85' lang='lat' dir='ltr'>temporibus</span> <span class='ocrx_word' id='word_1_29' title='bbox 619 767 631 785; x_wconf 82' lang='grc'>,</span> <span class='ocrx_word' id='word_1_30' title='bbox 654 751 779 792; x_wconf 83' lang='lat' dir='ltr'>neque</span> <span class='ocrx_word' id='word_1_31' title='bbox 799 744 1056 791; x_wconf 85' lang='lat' dir='ltr'>testimonium</span> <span class='ocrx_word' id='word_1_32' title='bbox 1075 757 1193 797; x_wconf 86' lang='lat' dir='ltr'>ullum</span> <span class='ocrx_word' id='word_1_33' title='bbox 1207 791 1220 810; x_wconf 90' lang='lat'>‚</span> 
     </span>
     <span class='ocr_line' id='line_1_5' title="bbox 225 776 1219 854; baseline 0.041 -42"><span class='ocrx_word' id='word_1_34' title='bbox 225 776 395 819; x_wconf 75' lang='lat' dir='ltr'><strong>ullamve</strong></span> <span class='ocrx_word' id='word_1_35' title='bbox 414 787 600 825; x_wconf 81' lang='lat' dir='ltr'>rationem</span> <span class='ocrx_word' id='word_1_36' title='bbox 620 791 800 834; x_wconf 83' lang='lat' dir='ltr'>idoneam</span> <span class='ocrx_word' id='word_1_37' title='bbox 821 799 1033 851; x_wconf 83' lang='lat' dir='ltr'>subjiciunt.</span> <span class='ocrx_word' id='word_1_38' title='bbox 1053 808 1219 854; x_wconf 72' lang='lat' dir='ltr'>Jacobus</span> 
     </span>
     <span class='ocr_line' id='line_1_6' title="bbox 223 834 1217 907; baseline 0.042 -42"><span class='ocrx_word' id='word_1_39' title='bbox 223 842 352 870; x_wconf 77' lang='lat' dir='ltr'>autem</span> <span class='ocrx_word' id='word_1_40' title='bbox 378 834 542 887; x_wconf 80' lang='lat' dir='ltr'>Sponius</span> <span class='ocrx_word' id='word_1_41' title='bbox 574 844 660 881; x_wconf 65' lang='lat' dir='ltr'>clim</span> <span class='ocrx_word' id='word_1_42' title='bbox 684 845 823 887; x_wconf 81' lang='lat' dir='ltr'>Romae</span> <span class='ocrx_word' id='word_1_43' title='bbox 852 854 890 892; x_wconf 85' lang='lat' dir='ltr'>in</span> <span class='ocrx_word' id='word_1_44' title='bbox 922 859 1012 897; x_wconf 81' lang='lat' dir='ltr'>villa</span> <span class='ocrx_word' id='word_1_45' title='bbox 1036 860 1217 907; x_wconf 77' lang='lat' dir='ltr'>Caesarini</span> 
     </span>
     <span class='ocr_line' id='line_1_7' title="bbox 220 886 1212 970; baseline 0.041 -51"><span class='ocrx_word' id='word_1_46' title='bbox 220 886 416 935; x_wconf 82' lang='lat' dir='ltr'>reperisset</span> <span class='ocrx_word' id='word_1_47' title='bbox 443 890 540 931; x_wconf 85' lang='lat' dir='ltr'>Festi</span> <span class='ocrx_word' id='word_1_48' title='bbox 572 896 713 938; x_wconf 81' lang='lat' dir='ltr'>Avieni</span> <span class='ocrx_word' id='word_1_49' title='bbox 744 908 980 954; x_wconf 82' lang='lat' dir='ltr'>proconsulis</span> <span class='ocrx_word' id='word_1_50' title='bbox 1014 918 1212 970; x_wconf 79' lang='lat' dir='ltr'>epigram-</span> 
     </span>
     <span class='ocr_line' id='line_1_8' title="bbox 218 941 1212 1023; baseline 0.04 -50"><span class='ocrx_word' id='word_1_51' title='bbox 218 949 281 975; x_wconf 82' lang='lat' dir='ltr'>ma</span> <span class='ocrx_word' id='word_1_52' title='bbox 295 968 306 987; x_wconf 80' lang='lat'>‚</span> <span class='ocrx_word' id='word_1_53' title='bbox 327 941 364 979; x_wconf 87' lang='lat' dir='ltr'>in</span> <span class='ocrx_word' id='word_1_54' title='bbox 384 942 518 984; x_wconf 83' lang='lat' dir='ltr'>suimet</span> <span class='ocrx_word' id='word_1_55' title='bbox 540 949 655 1000; x_wconf 70' lang='lat' dir='ltr'>ipsius</span> <span class='ocrx_word' id='word_1_56' title='bbox 677 961 905 1000; x_wconf 69' lang='lat' dir='ltr'>memoriam</span> <span class='ocrx_word' id='word_1_57' title='bbox 926 974 1182 1019; x_wconf 75' lang='lat' dir='ltr'>compositum</span> <span class='ocrx_word' id='word_1_58' title='bbox 1201 1006 1212 1023; x_wconf 91' lang='lat'>‚</span> 
     </span>
     <span class='ocr_line' id='line_1_9' title="bbox 217 996 1209 1073; baseline 0.041 -46"><span class='ocrx_word' id='word_1_59' title='bbox 217 1002 333 1042; x_wconf 80' lang='lat' dir='ltr'>atque</span> <span class='ocrx_word' id='word_1_60' title='bbox 363 996 401 1034; x_wconf 83' lang='lat' dir='ltr'>in</span> <span class='ocrx_word' id='word_1_61' title='bbox 433 1012 625 1043; x_wconf 87' lang='lat' dir='ltr'>marmore</span> <span class='ocrx_word' id='word_1_62' title='bbox 651 1006 899 1063; x_wconf 84' lang='lat' dir='ltr'>inscriptum,</span> <span class='ocrx_word' id='word_1_63' title='bbox 928 1020 1101 1073; x_wconf 78' lang='lat' dir='ltr'>vulgavit</span> <span class='ocrx_word' id='word_1_64' title='bbox 1120 1055 1131 1072; x_wconf 91' lang='lat'>‚</span> <span class='ocrx_word' id='word_1_65' title='bbox 1166 1028 1209 1067; x_wconf 70' lang='grc' dir='ltr'>δε</span> 
     </span>
     <span class='ocr_line' id='line_1_10' title="bbox 216 1042 1207 1124; baseline 0.041 -44"><span class='ocrx_word' id='word_1_66' title='bbox 216 1042 360 1085; x_wconf 79' lang='lat' dir='ltr'>Avieni</span> <span class='ocrx_word' id='word_1_67' title='bbox 379 1050 492 1091; x_wconf 87' lang='lat' dir='ltr'>nostri</span> <span class='ocrx_word' id='word_1_68' title='bbox 512 1054 632 1095; x_wconf 77' lang='lat' dir='ltr'>fetum</span> <span class='ocrx_word' id='word_1_69' title='bbox 649 1059 722 1100; x_wconf 80' lang='lat' dir='ltr'>effe</span> <span class='ocrx_word' id='word_1_70' title='bbox 741 1071 1003 1114; x_wconf 85' lang='lat' dir='ltr'>pronuntiavit</span> <span class='ocrx_word' id='word_1_71' title='bbox 1022 1086 1058 1124; x_wconf 86' lang='lat'>3.</span> <span class='ocrx_word' id='word_1_72' title='bbox 1077 1077 1207 1120; x_wconf 83' lang='lat' dir='ltr'>Deam</span> 
     </span>
     <span class='ocr_line' id='line_1_11' title="bbox 213 1101 1207 1186; baseline 0.041 -52"><span class='ocrx_word' id='word_1_73' title='bbox 213 1101 336 1149; x_wconf 69' lang='lat' dir='ltr'>porro</span> <span class='ocrx_word' id='word_1_74' title='bbox 368 1103 546 1146; x_wconf 85' lang='lat' dir='ltr'>Nortiam</span> <span class='ocrx_word' id='word_1_75' title='bbox 577 1126 782 1156; x_wconf 76' lang='lat' dir='ltr'>veneratur</span> <span class='ocrx_word' id='word_1_76' title='bbox 810 1121 940 1162; x_wconf 63' lang='lat' dir='ltr'>au6lor</span> <span class='ocrx_word' id='word_1_77' title='bbox 971 1125 1082 1179; x_wconf 87' lang='lat' dir='ltr'><strong>hujus</strong></span> <span class='ocrx_word' id='word_1_78' title='bbox 1117 1137 1207 1186; x_wconf 86' lang='lat' dir='ltr'>epi-</span> 
     </span>
     <span class='ocr_line' id='line_1_12' title="bbox 212 1160 1205 1227; baseline 0.04 -39"><span class='ocrx_word' id='word_1_79' title='bbox 212 1160 457 1206; x_wconf 73' lang='lat' dir='ltr'>grammat353</span> <span class='ocrx_word' id='word_1_80' title='bbox 475 1161 517 1199; x_wconf 77' lang='grc' dir='ltr'>ὃ(</span> <span class='ocrx_word' id='word_1_81' title='bbox 537 1162 572 1202; x_wconf 87' lang='lat' dir='ltr'>se</span> <span class='ocrx_word' id='word_1_82' title='bbox 593 1165 758 1208; x_wconf 84' lang='lat' dir='ltr'>Vulsinii</span> <span class='ocrx_word' id='word_1_83' title='bbox 779 1171 796 1224; x_wconf 92' lang='lat'>(</span> <span class='ocrx_word' id='word_1_84' title='bbox 814 1178 919 1225; x_wconf 84' lang='lat' dir='ltr'>quod</span> <span class='ocrx_word' id='word_1_85' title='bbox 943 1193 1041 1220; x_wconf 85' lang='lat' dir='ltr'><strong>nunc</strong></span> <span class='ocrx_word' id='word_1_86' title='bbox 1061 1184 1112 1223; x_wconf 84' lang='lat' dir='ltr'>est</span> <span class='ocrx_word' id='word_1_87' title='bbox 1131 1187 1205 1227; x_wconf 70' lang='lat' dir='ltr'>Ira-</span> 
     </span>
     <span class='ocr_line' id='line_1_13' title="bbox 209 1205 1202 1282; baseline 0.041 -41"><span class='ocrx_word' id='word_1_88' title='bbox 209 1205 256 1242; x_wconf 88' lang='lat' dir='ltr'>lis</span> <span class='ocrx_word' id='word_1_89' title='bbox 285 1210 386 1262; x_wconf 69' lang='lat' dir='ltr'>Lago</span> <span class='ocrx_word' id='word_1_90' title='bbox 415 1215 454 1250; x_wconf 81' lang='lat' dir='ltr'>di</span> <span class='ocrx_word' id='word_1_91' title='bbox 479 1217 641 1267; x_wconf 69' lang='lat' dir='ltr'>Bolfina</span> <span class='ocrx_word' id='word_1_92' title='bbox 669 1220 686 1273; x_wconf 88' lang='lat'><em>)</em></span> <span class='ocrx_word' id='word_1_93' title='bbox 724 1238 854 1265; x_wconf 74' lang='lat' dir='ltr'>natum</span> <span class='ocrx_word' id='word_1_94' title='bbox 883 1231 1061 1274; x_wconf 74' lang='lat' dir='ltr'>declarat.</span> <span class='ocrx_word' id='word_1_95' title='bbox 1099 1238 1202 1282; x_wconf 88' lang='lat' dir='ltr'>Tum</span> 
     </span>
     <span class='ocr_line' id='line_1_14' title="bbox 211 1260 1199 1336; baseline 0.04 -41"><span class='ocrx_word' id='word_1_96' title='bbox 211 1260 473 1314; x_wconf 79' lang='lat' dir='ltr'>colligendum</span> <span class='ocrx_word' id='word_1_97' title='bbox 505 1272 576 1308; x_wconf 86' lang='lat' dir='ltr'>erit</span> <span class='ocrx_word' id='word_1_98' title='bbox 607 1273 771 1316; x_wconf 78' lang='lat' dir='ltr'>floruiffe</span> <span class='ocrx_word' id='word_1_99' title='bbox 806 1280 905 1320; x_wconf 87' lang='lat' dir='ltr'>hunc</span> <span class='ocrx_word' id='word_1_100' title='bbox 938 1300 1025 1327; x_wconf 86' lang='lat' dir='ltr'>ante</span> <span class='ocrx_word' id='word_1_101' title='bbox 1058 1306 1199 1336; x_wconf 84' lang='lat' dir='ltr'>annum</span> 
     </span>
     <span class='ocr_line' id='line_1_15' title="bbox 209 1310 1199 1389; baseline 0.039 -40"><span class='ocrx_word' id='word_1_102' title='bbox 209 1310 347 1354; x_wconf 82' lang='lat' dir='ltr'>Christi</span> <span class='ocrx_word' id='word_1_103' title='bbox 367 1319 441 1368; x_wconf 84' lang='lat'>378</span> <span class='ocrx_word' id='word_1_104' title='bbox 460 1334 468 1357; x_wconf 89' lang='lat'>:</span> <span class='ocrx_word' id='word_1_105' title='bbox 486 1336 562 1373; x_wconf 91' lang='lat' dir='ltr'>quo</span> <span class='ocrx_word' id='word_1_106' title='bbox 581 1339 681 1366; x_wconf 84' lang='lat' dir='ltr'>anno</span> <span class='ocrx_word' id='word_1_107' title='bbox 700 1328 843 1372; x_wconf 84' lang='lat' dir='ltr'>Valens</span> <span class='ocrx_word' id='word_1_108' title='bbox 860 1335 1075 1389; x_wconf 82' lang='lat' dir='ltr'>Imperator</span> <span class='ocrx_word' id='word_1_109' title='bbox 1091 1347 1199 1388; x_wconf 76' lang='lat' dir='ltr'>flam-</span> 
     </span>
     <span class='ocr_line' id='line_1_16' title="bbox 205 1368 1197 1442; baseline 0.04 -40"><span class='ocrx_word' id='word_1_110' title='bbox 205 1368 277 1405; x_wconf 87' lang='lat' dir='ltr'>mis</span> <span class='ocrx_word' id='word_1_111' title='bbox 300 1370 497 1412; x_wconf 62' lang='lat' dir='ltr'>exstinGus</span> <span class='ocrx_word' id='word_1_112' title='bbox 520 1376 574 1415; x_wconf 88' lang='lat' dir='ltr'>est</span> <span class='ocrx_word' id='word_1_113' title='bbox 594 1393 602 1417; x_wconf 73' lang='grc' dir='ltr'>ε</span> <span class='ocrx_word' id='word_1_114' title='bbox 626 1379 759 1422; x_wconf 81' lang='lat' dir='ltr'>Suidas</span> <span class='ocrx_word' id='word_1_115' title='bbox 781 1390 882 1427; x_wconf 88' lang='lat' dir='ltr'>enim</span> <span class='ocrx_word' id='word_1_116' title='bbox 905 1391 1054 1434; x_wconf 86' lang='lat' dir='ltr'>Festum</span> <span class='ocrx_word' id='word_1_117' title='bbox 1076 1401 1197 1442; x_wconf 86' lang='lat' dir='ltr'>Avie-</span> 
     </span>
    </p>
   </div>
   <div class='ocr_carea' id='block_1_5' title="bbox 193 1471 1191 1768">
    <p class='ocr_par' dir='ltr' id='par_1_5' title="bbox 193 1471 1191 1768">
     <span class='ocr_line' id='line_1_17' title="bbox 200 1471 1191 1561; baseline 0.041 -53"><span class='ocrx_word' id='word_1_118' title='bbox 200 1471 306 1513; x_wconf 83' lang='lat' dir='ltr'>fuiffe</span> <span class='ocrx_word' id='word_1_119' title='bbox 339 1482 621 1527; x_wconf 84' lang='lat' dir='ltr'>proconsulem.</span> <span class='ocrx_word' id='word_1_120' title='bbox 650 1488 704 1527; x_wconf 83' lang='lat' dir='ltr'>At</span> <span class='ocrx_word' id='word_1_121' title='bbox 734 1490 864 1533; x_wconf 81' lang='lat' dir='ltr'>Petrus</span> <span class='ocrx_word' id='word_1_122' title='bbox 893 1497 1039 1541; x_wconf 78' lang='lat' dir='ltr'>Melian</span> <span class='ocrx_word' id='word_1_123' title='bbox 1066 1506 1191 1561; x_wconf 80' lang='lat' dir='ltr'>hispa-</span> 
     </span>
     <span class='ocr_line' id='line_1_18' title="bbox 200 1533 1187 1613; baseline 0.041 -51"><span class='ocrx_word' id='word_1_124' title='bbox 200 1539 294 1574; x_wconf 82' lang='lat' dir='ltr'><strong>nus,</strong></span> <span class='ocrx_word' id='word_1_125' title='bbox 317 1533 378 1581; x_wconf 86' lang='lat' dir='ltr'>qui</span> <span class='ocrx_word' id='word_1_126' title='bbox 400 1533 542 1574; x_wconf 78' lang='lat' dir='ltr'>Avieni</span> <span class='ocrx_word' id='word_1_127' title='bbox 563 1539 677 1579; x_wconf 87' lang='lat' dir='ltr'>nostri</span> <span class='ocrx_word' id='word_1_128' title='bbox 700 1558 818 1596; x_wconf 82' lang='lat' dir='ltr'>opera</span> <span class='ocrx_word' id='word_1_129' title='bbox 833 1578 845 1595; x_wconf 87' lang='lat'>‚</span> <span class='ocrx_word' id='word_1_130' title='bbox 867 1563 950 1602; x_wconf 79' lang='lat' dir='ltr'>quae</span> <span class='ocrx_word' id='word_1_131' title='bbox 969 1554 1187 1613; x_wconf 75' lang='lat' dir='ltr'>supersunt,</span> 
     </span>
     <span class='ocr_line' id='line_1_19' title="bbox 198 1580 1185 1660; baseline 0.042 -45"><span class='ocrx_word' id='word_1_132' title='bbox 198 1580 357 1634; x_wconf 87' lang='lat' dir='ltr'>collegit</span> <span class='ocrx_word' id='word_1_133' title='bbox 376 1615 387 1632; x_wconf 89' lang='lat'>‚</span> <span class='ocrx_word' id='word_1_134' title='bbox 413 1586 454 1624; x_wconf 88' lang='lat'>&amp;</span> <span class='ocrx_word' id='word_1_135' title='bbox 480 1603 582 1629; x_wconf 82' lang='lat' dir='ltr'>anno</span> <span class='ocrx_word' id='word_1_136' title='bbox 618 1595 718 1646; x_wconf 85' lang='lat'>1634</span> <span class='ocrx_word' id='word_1_137' title='bbox 743 1599 900 1642; x_wconf 86' lang='lat' dir='ltr'>Madriti</span> <span class='ocrx_word' id='word_1_138' title='bbox 926 1608 1046 1648; x_wconf 88' lang='lat' dir='ltr'>edidit</span> <span class='ocrx_word' id='word_1_139' title='bbox 1066 1643 1077 1660; x_wconf 91' lang='lat'>‚</span> <span class='ocrx_word' id='word_1_140' title='bbox 1102 1615 1185 1655; x_wconf 77' lang='lat' dir='ltr'>satis</span> 
     </span>
     <span class='ocr_line' id='line_1_20' title="bbox 196 1633 1185 1708; baseline 0.041 -39"><span class='ocrx_word' id='word_1_141' title='bbox 196 1633 298 1673; x_wconf 59' lang='lat' dir='ltr'>refile</span> <span class='ocrx_word' id='word_1_142' title='bbox 317 1649 364 1675; x_wconf 86' lang='lat' dir='ltr'>ex</span> <span class='ocrx_word' id='word_1_143' title='bbox 385 1652 434 1677; x_wconf 91' lang='lat' dir='ltr'>eo</span> <span class='ocrx_word' id='word_1_144' title='bbox 449 1671 460 1688; x_wconf 86' lang='lat'>‚</span> <span class='ocrx_word' id='word_1_145' title='bbox 482 1645 586 1695; x_wconf 75' lang='lat' dir='ltr'>quod</span> <span class='ocrx_word' id='word_1_146' title='bbox 605 1649 759 1699; x_wconf 60' lang='lat' dir='ltr'>anezor,</span> <span class='ocrx_word' id='word_1_147' title='bbox 782 1654 880 1695; x_wconf 90' lang='lat' dir='ltr'>libro</span> <span class='ocrx_word' id='word_1_148' title='bbox 905 1659 952 1698; x_wconf 87' lang='lat' dir='ltr'>de</span> <span class='ocrx_word' id='word_1_149' title='bbox 974 1666 1049 1704; x_wconf 86' lang='lat' dir='ltr'>oris</span> <span class='ocrx_word' id='word_1_150' title='bbox 1069 1673 1185 1708; x_wconf 78' lang='lat' dir='ltr'>mari-</span> 
     </span>
     <span class='ocr_line' id='line_1_21' title="bbox 193 1687 1182 1768; baseline 0.04 -45"><span class='ocrx_word' id='word_1_151' title='bbox 193 1687 295 1727; x_wconf 86' lang='lat' dir='ltr'>timis</span> <span class='ocrx_word' id='word_1_152' title='bbox 314 1704 413 1732; x_wconf 84' lang='lat' dir='ltr'>vers.</span> <span class='ocrx_word' id='word_1_153' title='bbox 435 1694 481 1747; x_wconf 83' lang='lat'>83</span> <span class='ocrx_word' id='word_1_154' title='bbox 508 1697 549 1736; x_wconf 90' lang='lat'>&amp;</span> <span class='ocrx_word' id='word_1_155' title='bbox 574 1699 648 1741; x_wconf 80' lang='lat'>180</span> <span class='ocrx_word' id='word_1_156' title='bbox 668 1703 807 1746; x_wconf 87' lang='lat' dir='ltr'>fretum</span> <span class='ocrx_word' id='word_1_157' title='bbox 828 1712 1072 1768; x_wconf 78' lang='lat' dir='ltr'>gaditanum,</span> <span class='ocrx_word' id='word_1_158' title='bbox 1096 1722 1182 1763; x_wconf 80' lang='lat' dir='ltr'>Ma-</span> 
     </span>
    </p>
   </div>
   <div class='ocr_carea' id='block_1_6' title="bbox 188 1815 1176 1925">
    <p class='ocr_par' dir='ltr' id='par_1_6' title="bbox 188 1815 1176 1925">
     <span class='ocr_line' id='line_1_22' title="bbox 235 1815 1176 1886; baseline 0.041 -39"><span class='ocrx_word' id='word_1_159' title='bbox 235 1821 251 1855; x_wconf 86' lang='lat'>3</span> <span class='ocrx_word' id='word_1_160' title='bbox 276 1815 340 1850; x_wconf 79' lang='lat' dir='ltr'><strong>Jnc.</strong></span> <span class='ocrx_word' id='word_1_161' title='bbox 359 1818 453 1862; x_wconf 87' lang='lat' dir='ltr'>Spon.</span> <span class='ocrx_word' id='word_1_162' title='bbox 474 1822 576 1860; x_wconf 80' lang='lat' dir='ltr'>Itiner.</span> <span class='ocrx_word' id='word_1_163' title='bbox 599 1827 691 1864; x_wconf 86' lang='lat' dir='ltr'>Torn.</span> <span class='ocrx_word' id='word_1_164' title='bbox 715 1833 771 1875; x_wconf 81' lang='lat'>11,</span> <span class='ocrx_word' id='word_1_165' title='bbox 793 1846 860 1881; x_wconf 78' lang='lat' dir='ltr'>pag.</span> <span class='ocrx_word' id='word_1_166' title='bbox 886 1842 946 1882; x_wconf 86' lang='lat'>148</span> <span class='ocrx_word' id='word_1_167' title='bbox 962 1868 971 1886; x_wconf 87' lang='lat'>‚</span> <span class='ocrx_word' id='word_1_168' title='bbox 999 1845 1031 1879; x_wconf 68' lang='grc' dir='ltr'>ὃ(</span> <span class='ocrx_word' id='word_1_169' title='bbox 1050 1845 1116 1883; x_wconf 77' lang='lat' dir='ltr'>Lib.</span> <span class='ocrx_word' id='word_1_170' title='bbox 1138 1850 1176 1886; x_wconf 87' lang='lat' dir='ltr'>de</span> 
     </span>
     <span class='ocr_line' id='line_1_23' title="bbox 188 1854 832 1925; baseline 0.043 -38"><span class='ocrx_word' id='word_1_171' title='bbox 188 1854 322 1898; x_wconf 67' lang='lat' dir='ltr'>ignotos.</span> <span class='ocrx_word' id='word_1_172' title='bbox 344 1861 442 1900; x_wconf 82' lang='lat' dir='ltr'>Deor.</span> <span class='ocrx_word' id='word_1_173' title='bbox 463 1868 544 1906; x_wconf 80' lang='lat' dir='ltr'>aris,</span> <span class='ocrx_word' id='word_1_174' title='bbox 566 1880 634 1916; x_wconf 74' lang='lat' dir='ltr'>pag.</span> <span class='ocrx_word' id='word_1_175' title='bbox 654 1885 693 1916; x_wconf 83' lang='lat'>41</span> <span class='ocrx_word' id='word_1_176' title='bbox 717 1877 750 1912; x_wconf 72' lang='grc' dir='ltr'>ὃς</span> <span class='ocrx_word' id='word_1_177' title='bbox 768 1879 832 1925; x_wconf 82' lang='lat' dir='ltr'>seq.</span> 
     </span>
    </p>
   </div>
   <div class='ocr_carea' id='block_1_7' title="bbox 1229 0 1313 2367">
    <p class='ocr_par' dir='ltr' id='par_1_7' title="bbox 1229 0 1313 2367">
     <span class='ocr_line' id='line_1_24' title="bbox 1229 0 1313 2367; baseline 0 0"><span class='ocrx_word' id='word_1_178' title='bbox 1229 0 1313 2367; x_wconf 95' lang='lat' dir='ltr'> </span> 
     </span>
    </p>
   </div>
  </div>
 </body>
</html>
