1268 2361
182 84 416 129 LIBER
471 91 882 128 SEPTIMUS.
956 94 1046 145 143.

51 167 178 201 Caulas
194 175 257 210 per
273 175 398 198 ornnes
417 162 577 208 corporis
593 161 723 196 sensim
736 161 857 204 ejicia

50 215 183 248 Torvis
196 223 350 259 pererrat
364 212 479 246 oculis
495 211 691 245 beneficam
707 213 867 245 arborem
886 237 896 252 ,
936 215 939 217 “

51 264 240 309 Ipsamque
256 262 350 296 duris
366 261 502 306 appetit
520 261 697 294 conviciis
714 272 725 299 ·,

53 313 164 355 Quod
180 322 251 344 tam
268 310 436 345 formosis
452 336 461 351 ,
477 321 620 355 tamque
634 309 751 343 densis
770 308 954 343 frondibus

53 362 266 394 Exuberaret
281 386 290 401 ,
305 370 339 394 at
356 369 488 393 careret
502 359 686 392 frustibus.
991 365 994 367 ’

53 410 254 453 Respondet
271 408 330 441 illa
348 421 355 441 z
371 409 471 441 Tune
488 408 676 441 maledicas
694 406 782 440 mihi
797 432 807 448 ,

54 459 192 503 Ingrate
208 460 221 493 ἒ
235 458 354 491 saltem
372 456 533 501 oportuit
547 457 757 490 laudabilem

54 507 133 541 Hac
146 517 202 540 me
218 506 333 540 videri
349 516 446 551 parte
457 532 466 547 ,
481 505 576 550 quod
590 505 725 550 prosim
741 504 819 540 tibi.

199 623 212 637 „-
453 595 640 645 &2532

234 682 638 728 FABULA
734 683 874 728 ΙΙΙ.

120 782 330 840 Luporum
341 779 492 841 Legati
503 779 564 822 ad
574 779 808 840 Anglomm
823 778 994 842 Regem.

887 609 912 633 ’9.

59 853 134 931 {a
148 906 169 930 Ε
181 904 208 930 G
221 905 246 928 Α
259 903 283 928 τ
295 903 320 928 0
333 903 350 927 s
369 893 457 927 olim
473 892 605 939 Regem
621 893 663 927 ad
678 893 873 938 Anglorum
890 893 981 939 Lupi

62 945 248 979 Miserunt.
263 944 383 978 Unum
398 953 523 987 genere
537 943 576 975 de
594 942 655 975 suo
673 953 803 976 marem
814 969 822 983 ,

62 995 249 1038 Unamque
263 993 430 1026 feminam
446 990 520 1033 ejus
537 991 574 1024 in
591 1002 698 1024 terras
715 1001 841 1037 rogant

62 1043 205 1077 Portare
221 1041 336 1076 liceat.
354 1040 528 1074 Providus
545 1040 623 1073 Rex
638 1040 759 1073 abnuit
774 1052 784 1079 ·,

64 1091 191 1136 Istique
206 1117 216 1133 ‚
232 1090 322 1125 dixit
333 1116 342 1131 ‚
358 1089 570 1134 recipiantur
584 1088 614 1122 si
629 1091 698 1122 duo
710 1115 720 1130 ‚

64 1141 158 1174 Mox
173 1139 274 1174 facile
291 1139 444 1172 crescant
461 1137 664 1171 milliarium
677 1138 713 1171 in
726 1149 886 1184 gregem:

65 1189 205 1223 Etenim
217 1190 393 1222 malorum
410 1186 483 1221 cito
499 1197 711 1232 propagatur
726 1197 848 1232 genus.

451 1275 669 1322 -ι-ὲὲξζᾶεὲ-κ-
689 1306 762 1310 „m

262 1374 664 1420 FABULA
756 1376 865 1420 IV.

230 1470 358 1517 Canis
403 1472 616 1533 fugitivus
669 1471 707 1515 θ’
754 1469 907 1518 Herus.

190 1293 216 1318 <3

76 1545 185 1623 CA
197 1596 222 1620 N
236 1595 250 1619 1
261 1595 278 1620 s
295 1597 340 1619 ex
356 1585 459 1619 herili
475 1584 535 1630 qui
552 1586 660 1618 domo
677 1585 886 1630 migraverat

73 1635 257 1681 fugitivus
270 1661 279 1674 ‚
294 1636 335 1668 ab
351 1635 438 1667 hero
452 1633 673 1678 postmodum
691 1633 857 1667 inventus
871 1634 934 1667 suo
946 1658 956 1676 ‚

76 1685 282 1727 Herumque
298 1683 331 1716 se
347 1682 534 1727 benignum
554 1694 614 1715 cur
629 1683 681 1715 sic
697 1683 870 1726 linqueret
883 1707 893 1724 ,

74 1733 312 1778 Interrogatus
327 1745 334 1764 z
350 1731 402 1764 Te
419 1731 558 1775 quidem
574 1731 685 1764 fateor
699 1731 786 1765 mihi

76 1782 119 1814 Et
132 1782 309 1814 liberalem
326 1780 479 1823 semper,
497 1780 530 1812 ὃ(
547 1779 775 1813 mitissimum

77 1829 190 1863 Fuiffe
205 1829 386 1863 dominum
399 1855 408 1870 ,
424 1828 514 1861 dixit
529 1840 539 1866 ·‚
554 1839 587 1861 at
606 1838 665 1862 tua
682 1827 824 1861 interim

80 1877 208 1912 Omnis
222 1877 353 1913 familia
368 1879 544 1923 perpetuis
562 1877 688 1911 caesum
704 1875 793 1910 male
