1268 2361
158 130 331 179 LIBER
361 145 625 181 DECIMUS
660 144 921 179 Τεκτιυε.
960 148 1047 196 321

82 213 1054 263 v‘<3=1====·-³-·⁵·-==t,4,.“''h‘—‘-==-—---—-—··--⁴⁹·

209 304 240 348 F
275 302 315 347 A
348 302 381 347 B
418 303 463 348 U
498 303 534 347 L
569 302 610 346 A
700 300 746 347 X
780 300 828 347 X
860 301 924 348 X.

481 398 646 464 Ostreae·

67 469 179 548 Co
193 521 218 546 N
229 521 251 546 c
265 521 280 546 s
295 522 316 546 E
329 522 354 546 N
365 522 381 546 s
395 522 420 545 A
438 511 554 546 frastae
572 512 687 545 tabula
702 511 804 545 navis
819 537 828 553 ‚
844 523 906 556 per
922 512 1016 547 feros

63 561 266 605 Spumantis
282 563 382 595 undae
402 560 527 594 fluetus
540 587 549 601 ,
567 561 607 594 ad
623 571 746 605 rupem
763 561 895 595 aridam

62 610 107 644 Et
121 610 370 654 inhospitalem
385 610 568 654 naufragos
584 610 748 643 homines
764 611 853 644 duos

62 657 249 693 Detulerat
263 671 271 692 ε
290 658 342 691 illi
358 659 436 692 cum
450 657 695 703 perquisissem
710 658 826 692 statim

63 707 210 751 Aliquid
223 708 323 741 edule
333 733 342 749 ‚
360 718 404 740 ne
418 704 571 750 perirent
587 706 742 740 funditus
756 733 768 747 ‚

63 755 127 789 Nil
144 766 286 799 prorsus
303 755 472 788 invenere
488 765 614 799 praeter
631 754 770 788 ostreas
786 781 797 796 ,

63 804 183 849 Atque
195 829 203 844 ‚
220 803 304 837 effet
319 803 380 837 iste
397 805 457 848 qui
474 804 571 837 cibus
583 829 593 845 ‚
610 803 712 847 plane
729 803 842 838 inscii.

64 852 181 886 Unam
198 853 412 897 alteramque
426 851 608 896 postquam
625 851 801 885 vexarunt
817 853 875 886 diu
893 877 905 895 ‚

64 900 224 935 Tandem
241 902 421 935 recludunt
436 913 443 934 :
460 911 495 934 at
509 901 622 934 oculis
640 900 818 935 hiantibus

65 949 139 984 Ubi
152 950 244 983 foeda
259 949 392 994 species
408 949 521 992 patuit
535 948 703 982 obscsenae
723 950 820 994 dapis
835 975 845 990 ,

65 998 333 1032 Exhorruerunt
348 999 451 1031 ambo
470 1012 477 1031 :
493 1009 556 1030 nec
573 997 768 1031 stomachus
783 1025 793 1039 ‚
810 996 895 1032 licet

66 1045 222 1081 Minim'e
240 1057 404 1080 oneratus
420 1072 429 1087 ,
448 1057 466 1080 a
483 1047 652 1080 subeunte
669 1047 794 1080 nausea

69 1095 144 1129 Sibi
161 1105 354 1139 temperare
371 1095 501 1139 potuit.
518 1095 629 1128 Omni
647 1105 729 1128 tunc
746 1106 815 1139 ope

70 1145 114 1178 Se
131 1143 313 1177 destitutos
330 1143 523 1184 judicantes
542 1169 551 1184 ,
568 1155 671 1187 quam
687 1144 811 1178 vident

71 1192 249 1226 Medelam
265 1193 370 1225 tantis
385 1192 525 1226 unicam
540 1192 743 1225 infortuniis

71 1240 273 1285 Superesse,
291 1251 443 1274 mortem
460 1241 609 1283 denique
625 1240 829 1284 exspessant
842 1266 850 1281 ‚
867 1238 967 1275 brevi
984 1265 998 1283 ‚
1019 1241 1023 1244 '

70 1289 121 1323 Ut
138 1289 275 1333 sperant
290 1314 298 1328 ‚
316 1289 510 1322 adfuturam
523 1314 530 1327 ,
550 1288 680 1332 quippe
697 1289 908 1333 gravissimo

72 1338 207 1371 Labore
226 1338 259 1370 &
274 1337 346 1381 ipsa
364 1336 434 1378 jam
449 1348 560 1380 prope
576 1337 743 1370 confeckis
758 1338 862 1371 farne.

71 1386 167 1419 Mox
182 1397 270 1418 unus
290 1386 472 1418 amborum
489 1385 699 1429 elanguescit
714 1412 722 1425 ‚
740 1386 778 1418 in
792 1386 870 1419 solo

72 1434 264 1468 Decumbit
279 1461 287 1473 ‚
307 1434 341 1466 ὅ(
358 1433 461 1478 perit.
479 1434 635 1466 Alterum
651 1433 869 1477 superstitem

75 1482 223 1525 Obie&a
238 1492 344 1515 terret
359 1483 504 1527 propius
520 1481 678 1516 adstantis
695 1483 762 1516 sibi

76 1531 200 1576 Imago
217 1530 343 1564 mortis
357 1543 367 1569 ·‚
383 1531 417 1564 &
429 1531 620 1564 visceribus
636 1531 793 1564 insidens

79 1579 260 1614 Omnibus
272 1605 281 1620 ,
298 1579 421 1612 inediae
438 1579 571 1612 summa
587 1579 644 1612 vis
661 1580 862 1614 famelicum

79 1628 189 1674 Cogit
205 1628 349 1661 odiosos
364 1629 405 1660 ad
420 1628 518 1661 cibos
534 1639 708 1662 recurrere
723 1640 733 1666 ·‚

79 1677 123 1710 Et
135 1702 143 1716 ‚
159 1676 272 1709 Noxii
286 1676 338 1708 illi
354 1676 446 1710 forte
462 1677 540 1709 sunt
556 1675 669 1710 multo
688 1677 802 1711 minus
814 1703 825 1717 ‚

81 1724 200 1767 Quam
218 1724 367 1763 credidi,
383 1725 498 1769 inquit
514 1737 522 1758 ε
537 1725 713 1758 viscerum
729 1725 823 1759 certe
838 1726 962 1759 valent

22 1791 23 1794 ¹
82 1773 289 1807 Furentium
305 1773 446 1806 latratus
464 1773 701 1807 intolerabiles

83 1822 210 1855 Sedare
227 1820 368 1865 paulum
387 1834 395 1854 :
411 1823 467 1854 vel
482 1821 626 1864 aliquod
639 1821 670 1854 si
682 1822 756 1856 fors
770 1823 898 1856 habent

85 1869 205 1903 Letale
219 1871 317 1901 virus
329 1895 337 1909 ‚
355 1870 424 1902 fata
440 1880 513 1902 non
530 1869 609 1902 ideo
625 1880 743 1904 tamen

84 1917 200 1957 Valde
216 1918 461 1963 ingravescent
477 1917 611 1960 nostra,
652 1930 698 1953 uo
716 1919 832 1952 sumus
850 1920 950 1956 loco'0

809 1967 844 2003 O
870 1979 895 2003 v
