1268 2361
227 86 455 131 LIBER
513 93 832 129 SEXTUS.
939 93 1023 144 125

422 192 478 198 —-
628 193 733 197 --.-—
745 182 1005 196 ——..-—-.2·

190 249 587 298 FABULA
665 247 876 294 VIII.

281 347 561 391 Rammculus
581 341 623 389 δ’
642 344 786 388 Rana.

38 419 128 498 ἐξ.
143 472 167 502 Q
180 471 207 496 U
220 472 234 496 1
246 471 262 495 s
278 463 355 494 luto
368 460 503 494 refertis
521 470 620 493 natus
631 485 640 500 ,
656 459 690 492 &
705 457 765 491 vizi

34 511 118 555 Ipsa
135 513 298 545 educatus
312 509 450 554 publica
464 509 691 542 Ranunculus

35 560 166 593 Audire
183 561 314 592 Ranam
326 585 335 599 ‚
349 558 506 602 proximi
522 556 631 602 stagni
645 556 797 589 incolam
812 581 821 596 ‚

36 608 247 642 Monentem
259 634 268 650 ,
277 617 315 640 ut
327 608 368 640 ad
377 607 410 640 se
421 632 430 647 ,
442 615 666 640 communem
676 605 857 638 habiturus
870 605 1029 647 domum,

37 656 194 699 Migrare
207 658 316 689 vellet
329 681 337 695 ,
356 655 471 688 noluit
485 667 492 687 :
512 654 607 696 Quid
620 653 716 686 enim
731 653 817 686 mihi

35 704 147 738 Triste
163 706 219 739 hic
231 705 387 737 futurum
402 703 545 736 timeam
564 728 572 741 ‚
590 702 638 734 ait
652 713 661 738 3
679 702 758 734 curn
775 701 909 734 tamdiu

0 755 1 796 g
35 753 170 787 Ibidem
183 754 224 786 ab
239 751 337 785 omni
353 751 506 784 vixerim
523 749 690 783 immunis
708 751 800 783 malo
819 752 832 784 ἓ

36 802 105 835 Sed
120 801 180 835 ille
193 802 274 835 dum
288 800 337 833 sic
353 800 503 843 disputat
518 825 525 839 ,
544 797 732 842 plaustrum
745 797 887 831 advenit
903 823 914 840 ,

37 850 80 884 Et
95 851 204 883 adhuc
218 848 397 893 loquentis
415 859 455 881 os
473 848 507 881 ὅ(
523 858 616 880 artus
631 847 796 881 conterit.

86 898 202 932 Plenis
217 897 340 942 pericli
356 897 491 930 sedibus
508 895 608 930 tanto
626 895 736 940 magis

36 947 176 984 Malum
191 946 425 992 propinquat,
443 944 516 990 quo
533 944 662 978 diutius
679 943 801 979 abfuit.

483 1035 640 1082 ὀΐω-ι

230 1136 262 1181 F
296 1134 334 1179 A
372 1134 404 1178 B
441 1133 486 1178 U
521 1133 556 1178 L
591 1134 632 1178 A
724 1134 743 1179 Ι
775 1131 836 1178 Χ.

293 1230 496 1274 Nitedula
520 1227 562 1274 G
581 1229 776 1294 Mustela.

170 1054 194 1078 ‘C

42 1300 118 1381 C
127 1354 153 1378 U
166 1353 200 1377 Μ
211 1353 233 1377 E
246 1353 270 1377 R
282 1352 307 1376 Α
319 1353 354 1376 M
376 1343 416 1378 in
428 1343 596 1377 frumenti
612 1343 762 1386 repserat
778 1343 943 1378 NiteduIa

36 1393 149 1428 Exilis
164 1406 172 1427 t
191 1403 305 1437 aptam
322 1392 447 1425 rimula
463 1393 600 1426 dederat
616 1392 724 1426 viam.

37 1442 212 1478 famelica
228 1442 360 1474 mandit
375 1440 510 1474 strenue
527 1442 678 1474 oblatam
693 1442 814 1486 dapem
829 1454 839 1480 ·,

41 1491 214 1536 Gulaeque
228 1490 278 1523 sic
292 1490 494 1534 obsequitur
509 1516 518 1531 ‚
533 1490 585 1523 sic
600 1490 717 1523 ventri
733 1491 812 1534 gula

38 1538 219 1573 Subservit
234 1564 244 1580 ,
260 1548 298 1571 ut
315 1538 479 1572 refestum
496 1539 586 1572 intra
602 1549 733 1582 paucos
751 1538 823 1572 dies

38 1587 116 1623 Jam
133 1587 242 1620 nimia
258 1587 376 1620 tendat
391 1586 542 1620 obesitas
557 1587 816 1630 corpusculum.

39 1636 161 1677 Tunc,
178 1635 208 1669 si
225 1645 380 1669 maneret
396 1636 463 1669 hoc
480 1635 661 1692 diutius'in
675 1637 758 1670 loco
770 1662 779 1677 ‚

40 1684 114 1718 Sibi
131 1695 174 1717 ne
190 1683 348 1717 eveniret
364 1684 506 1727 aliquod
522 1684 754 1718 infortunium
769 1711 778 1725 ‚

38 1731 164 1766 Verita
179 1758 188 1773 ,
204 1732 314 1765 redire
331 1732 447 1765 voluit
460 1734 501 1765 ad
516 1733 697 1777 proprium
714 1734 838 1766 larem:

39 1781 176 1814 Notum
193 1792 276 1826 ergo
294 1781 419 1824 repetit
432 1781 563 1815 aditum
578 1794 588 1819 ·‚
605 1793 639 1814 at
655 1781 773 1815 frustra
789 1781 915 1816 nititur

37 1829 202 1863 Transire
217 1841 224 1861 :
242 1829 406 1872 pinguem
421 1830 535 1862 tenuis
552 1830 611 1862 ille
625 1841 697 1862 non
716 1829 820 1873 capit.

41 1876 153 1923 Prope
171 1877 254 1912 hinc
270 1877 439 1912 misellam
455 1877 506 1912 sic
517 1879 734 1913 laborantem
750 1878 872 1912 videns

748 1927 772 1961 F
796 1926 832 1968 iij
