1268 2361
30 151 46 163 t
247 91 825 166 PRAEFATIO.
943 119 1031 179 my·

41 199 215 240 sermone
239 203 276 239 in
300 202 491 240 arabicum
511 200 615 240 fuiffe
640 199 869 239 conversum
885 228 895 246 ‚
918 199 1032 238 testa-

42 266 101 292 tus
119 253 173 293 est
186 252 426 293 Abraha'mus
449 254 679 294 Echellensis
699 268 707 292 ε
725 268 800 307 ego
819 254 915 291 vero
938 267 1034 292 con-

42 306 171 346 fiRum
189 308 352 360 suspicor
373 323 393 346 a
411 308 594 347 Simeone
616 308 735 347 Setho
756 307 919 360 graeculo
935 336 946 355 ,
967 309 1033 360 qui

0 393 3 396 ,
43 375 144 400 anno
166 361 303 401 Christi
320 392 331 410 ‚
348 363 495 401 circiter
520 374 618 401 1100
634 392 644 408 ‚
666 363 834 400 vivebat.
855 359 911 399 Ibi
931 362 1034 400 certe

0 462 5 467 ‚
43 416 322 455 monachorum
361 417 403 454 ὃς
441 418 682 454 eremitarum
723 415 954 454 creberrima
991 413 1035 452 fit

2 491 3 494 =
45 470 214 515 mentio;
232 471 402 521 novique
419 468 631 508 testamenti
648 469 821 521 quaedam
838 467 1034 506 sententiae

44 523 273 562 adhibentur
288 554 299 571 ‚
322 537 406 575 quae
424 525 554 562 venire
575 526 613 561 in
635 535 805 561 mentem
827 521 1037 574 priscorum

48 575 241 626 Arabum,
258 575 493 616 Indorumve
513 591 592 615 non
611 587 831 629 potuerunt.
852 574 1038 614 Ceterum

46 643 169 682 pravo
187 644 229 668 ac
251 643 541 683 nonnumquam
560 630 719 668 barbaro
737 629 818 668 stilo
838 644 935 681 opus
954 642 1040 667 om-

47 697 97 722 ne
127 695 345 736 pertextum
374 683 454 723 est:
478 684 635 722 fabellas
665 696 793 722 tamen
824 681 908 722 satis
937 682 1039 721 reci&

47 739 285 790 compositas
307 749 383 776 tres
402 767 414 785 ,
440 749 651 790 quatuorve
678 738 862 775 continet.
888 736 1003 775 Liber
1025 766 1039 784 ‚

49 792 115 842 qui
138 790 203 829 sub
230 791 358 844 Pilpaei
385 792 463 829 indi
485 793 643 831 nomine
668 789 929 831 circumfertur
949 820 961 838 ,
991 790 1039 830 ab

2 862 3 865 ¹
49 843 118 884 isto
140 846 296 884 minime
320 844 520 898 discrepat.

104 951 250 992 VIII.
276 952 354 992 Sub
384 965 581 992 SANCTI
612 952 853 992 CYRer
882 953 1041 993 nomine

51 1006 240 1060 apologos
269 1007 434 1046 morales
463 1007 582 1046 edidit
612 1007 802 1046 Baithasar
831 1005 1042 1046 Corderius

52 1059 217 1100 Viennae
237 1059 394 1099 Austriae
408 1090 419 1108 ,
441 1076 542 1100 anno
571 1061 680 1113 1630.
706 1060 910 1113 Nunquam
929 1061 1014 1100 illos
1027 1092 1040 1109 ,

53 1114 126 1153 nisi
147 1114 221 1153 hoc
240 1114 320 1167 ipso
343 1115 462 1154 latino
482 1115 655 1154 sermone
676 1145 688 1163 ,
718 1115 830 1167 plane
849 1114 1009 1153 barbaro
1028 1144 1041 1162 ‚

55 1170 120 1220 qui
139 1164 360 1217 eihibetur‚
381 1168 539 1221 scriptos
560 1168 664 1208 fuisse
685 1167 872 1207 existimo.
895 1167 1042 1207 Au&or

55 1235 190 1260 eorum
218 1223 370 1274 ineptus
397 1237 476 1261 non
502 1222 632 1261 vixisse
663 1224 734 1261 nisi
761 1221 845 1275 post
876 1221 1043 1262 seculum

57 1275 249 1315 decimum
268 1276 476 1315 secundum
495 1276 659 1316 videtur.

111 1382 192 1423 IX.
219 1383 334 1423 ANo
348 1396 400 1423 NI
415 1396 519 1423 MUS
550 1384 596 1422 ab
616 1382 932 1423 Isaaco-Nicolao
958 1383 1046 1424 Ne-

57 1437 188 1477 veleto
207 1437 282 1476 unii
303 1440 389 1476 cum
408 1437 552 1490 AEsopo
565 1468 576 1486 ‚
600 1438 828 1490 Aphthonio
844 1468 855 1485 ,
877 1436 1048 1486 Gabrifi,

60 1490 219 1530 Phaedro
244 1521 256 1540 ‚
292 1491 446 1531 Avieno
472 1522 484 1540 ,
523 1491 807 1545 Laurentioque
845 1490 1047 1531 Abstemio

61 1544 183 1584 editus
213 1545 449 1584 Francofurti
479 1560 579 1584 anno
617 1546 716 1585 1610
741 1575 752 1592 ,
791 1544 866 1595 'jam
900 1556 1011 1584 antea
1036 1575 1049 1594 ,

62 1611 135 1636 nee
157 1598 302 1646 semel,
329 1610 365 1636 at
389 1599 680 1638 mendosissime
706 1601 912 1651 prodierat.
942 1598 1048 1637 Scri-

61 1663 151 1703 ptor
171 1651 224 1690 est
243 1653 457 1691 incursione
477 1653 683 1691 verborum
711 1667 752 1691 ac
777 1652 1048 1691 sententiarum

63 1706 283 1757 importuna
302 1706 476 1745 horridus
493 1736 504 1754 ‚
530 1707 734 1745 dicacitatis
752 1716 939 1758 appetens
955 1736 966 1753 ‚
988 1708 1050 1744 in-

63 1761 251 1809 eptiarum
274 1760 456 1813 prodigus
477 1790 489 1807 ‚
522 1760 722 1813 aliquando
743 1772 872 1798 tamen
893 1760 1049 1799 ridicule

66 1811 211 1851 facetus
223 1843 235 1860 ‚
251 1827 292 1851 ac
310 1827 432 1865 prope
450 1814 678 1867 ingeniosus,
696 1813 772 1851 Alii
790 1813 929 1852 dicium
947 1814 1048 1852 hunc

67 1867 225 1907 nomine
247 1866 455 1907 Romulum
470 1897 482 1917 ‚
501 1869 562 1908 alii
578 1880 760 1910 vocatum
781 1867 985 1918 Salonem,
1006 1867 1049 1908 &
