1287 2367
212 79 277 128 82
374 80 525 124 ΓΑΒ.
558 77 1056 124 AESOPIARUM

219 157 1212 204 «ππὲεέἶβέΞΞξ-Ξῂῠ
1266 193 1267 197 ,

388 247 421 292 F
451 246 493 292 A
528 245 562 290 B
597 244 644 290 U
677 243 713 289 L
743 243 785 289 A
866 243 1035 290 XII.

621 340 797 384 Catella.

214 413 292 495 C
307 466 333 491 A
345 465 369 490 τ
380 465 402 490 Ε
415 465 435 489 L
447 464 467 488 L
478 464 505 488 A
517 463 552 488 Μ
564 480 574 496 ,
590 454 692 488 valde
709 462 861 488 amatam
875 479 885 495 ‚
902 452 1088 489 delicatifas

209 507 375 542 Pascebat
388 504 548 539 manibus
564 504 640 549 ipsa
656 503 727 537 suis
744 502 976 539 muliercula:

208 557 286 590 Nec
302 556 386 589 alias
403 555 465 588 illa
479 553 569 587 ferre
586 551 752 597 potuiffet
769 563 892 585 manus
907 577 920 594 ,

208 605 282 639 Vel
299 605 482 639 consuetas
499 601 690 636 attuliss‘ent
706 613 783 646 quae
797 603 914 645 dapes.

209 655 280 688 Sed
295 654 374 688 cum
388 652 532 697 repente
546 678 556 693 ‚
571 651 666 685 Fatis
679 651 727 684 ita
742 649 942 692 jubentibus
957 674 967 691 ,

209 702 369 736 Domina
385 701 518 735 abiiffet
534 701 617 734 illuc
631 726 641 741 ‚
656 701 748 732 unde
765 699 944 733 neminem

209 751 338 785 Redire
355 751 475 784 dicunt
492 762 502 788 ·,
523 749 561 782 in
577 748 785 794 potestatem
800 748 902 781 venit

208 800 410 833 Hominum
428 800 562 832 Catella
580 824 588 838 ‚
604 797 666 842 qui
679 809 753 830 non
768 797 892 830 suaves
903 823 914 838 ,
928 805 968 831 ut
983 794 1080 841 prinis
1093 820 1103 838 ,

208 847 444 894 Benignitatis
458 847 602 881 delicias
620 846 824 890 impertiant
838 871 847 887 ‚

208 898 256 931 At
272 897 391 942 potius
407 897 518 941 ipsam
530 923 539 937 ‚
555 906 735 940 tamquam
751 895 782 928 si
798 893 965 941 gregariis

210 948 268 981 De
284 946 427 980 canibus
445 945 529 979 effet
546 945 662 989 aliqua
678 971 687 985 ‚
704 944 861 977 miserias
877 943 951 988 pati

211 997 351 1041 Cogant
367 996 508 1029 acerbas
526 993 722 1027 viCtitando
739 993 894 1031 duriter,

210 1045 396 1090 Etiamque
412 1044 500 1088 saepe
516 1042 611 1076 testo
625 1042 765 1087 abigant
782 1041 934 1075 interdiu
950 1066 961 1083 ,
1009 1051 1013 1053 ·

210 1093 429 1137 Mittantque
445 1092 553 1126 nostu
566 1093 741 1125 exclusam
756 1116 767 1132 ‚
781 1091 824 1124 ah
841 1094 846 1124 !
863 1089 1056 1124 dormitum
1071 1087 1173 1126 foris.

209 1142 360 1175 Miranti
376 1140 509 1175 interea
524 1150 654 1173 ceteras
671 1150 772 1173 canes
783 1166 792 1179 ‚
810 1139 935 1182 quibus

209 1192 295 1225 Non
309 1190 433 1224 melius
450 1189 534 1223 efl'et
548 1215 558 1230 ‚
571 1188 676 1233 quam
691 1187 758 1221 sibi
773 1214 782 1229 ‚
801 1188 835 1221 &
851 1188 945 1221 suam
961 1197 1082 1222 tamen

209 1240 301 1283 Quae
319 1240 448 1273 sortem
465 1249 538 1272 non
554 1239 713 1271 dolerent
727 1263 737 1278 ‚
753 1247 821 1270 una
835 1236 885 1270 sic
901 1236 1006 1270 refert
1023 1249 1035 1270 τ

208 1289 296 1322 Haec
311 1288 397 1321 vitae
413 1287 504 1321 ratio
521 1313 531 1329 ‚
548 1298 624 1331 quae
641 1282 789 1319 no'vitiae
802 1285 867 1319 tibi

209 1337 362 1371 Videtur
378 1337 493 1380 aspera
510 1363 518 1376 ‚
534 1336 598 1369 usu
616 1336 650 1368 ὅ(
663 1334 877 1368 affuetudine

207 1387 342 1421 Idonea
359 1386 459 1419 nobis
476 1385 563 1419 sach
581 1384 629 1418 est
643 1410 652 1426 ,
669 1394 831 1427 nuncque
847 1382 952 1416 etiam
965 1384 1100 1427 placet;

207 1437 259 1469 Ac
276 1436 305 1469 si
323 1446 426 1479 quarn
443 1435 566 1467 acerba
581 1435 743 1468 Fortunae
760 1432 928 1465 severitas

207 1483 355 1517 Fecisset
371 1483 457 1517 olim
472 1480 767 1526 intercapedinem
783 1491 852 1514 tuae

207 1532 384 1567 Felicitati
398 1558 407 1574 ,
424 1532 457 1564 id
473 1531 587 1576 ipsum
605 1531 700 1574 quod
715 1540 807 1563 nunc
823 1539 861 1562 tu
877 1540 981 1575 negas

209 1582 260 1617 Te
276 1582 365 1615 ferre
382 1579 477 1625 poffe
493 1606 502 1621 ,
518 1580 625 1613 ferres
641 1577 793 1613 vivendi
805 1589 926 1623 genus.

257 1630 361 1665 Beata
376 1630 526 1676 praesens
540 1629 616 1662 vita
631 1638 789 1662 venturae
809 1636 928 1663 nocet.

660 1755 745 1831 ,Q
