1268 2361
111 117 323 162 LIBER
361 130 400 162 D
421 129 843 164 UODECIMUS.
913 119 998 168 281

206 285 237 329 F
269 284 309 328 A
341 284 375 330 B
410 285 455 331 U
488 286 524 330 L
556 286 592 332 A
679 285 726 331 X
756 289 813 332 V.

311 381 474 440 Aquila
494 379 537 426 E«
559 381 704 426 Grais.

961 215 985 240 e>

13 449 106 527 PE
119 502 144 526 R
161 493 305 528 altiores
322 495 461 529 aetheris
476 495 602 541 liquidi
620 497 737 542 plagas

13 541 167 576 'Volabat
182 543 309 587 Aquila
327 555 406 577 cum
425 545 523 579 Grue
541 557 548 578 z
568 546 700 578 acribus
714 545 796 579 hinc
811 546 958 581 humum

10 590 108 624 Dum
123 591 240 624 lustrat
256 593 369 626 oculis
384 619 392 634 ‚
407 593 587 626 candidam
605 595 733 638 pellem
750 595 919 639 adspicit,

11 638 89 672 Tali
106 639 256 673 artificio
273 642 428 685 positam
440 668 448 682 ,
466 651 505 675 ut
522 642 738 676 intuentibus

11 686 170 721 Referret
186 689 267 734 agni
283 700 410 733 corpus
426 716 435 731 ‚
453 691 486 723 &
504 701 608 734 caput
623 716 631 730 ‚
651 692 684 723 ὃ(
702 693 806 733 pedes
822 703 832 729 ς

11 735 175 780 Laetaque
192 738 324 771 sociam
340 749 431 771 voce
445 741 660 782 compellans
676 752 683 773 t
698 740 817 772 Viden

11 784 137 825 Hunc,
154 785 270 830 inquit
281 811 290 826 ,
307 797 435 832 agnum
452 787 489 820 in
505 789 595 820 colle
610 787 809 831 pascentem
824 790 836 822 ,²
857 787 965 822 Gruis

9 831 212 877 Respondet
229 846 237 867 :
257 834 394 869 Oculos
411 836 448 869 ni
464 835 533 869 tuis
549 835 696 869 habeam
713 847 813 881 pares
829 862 839 877 ,

13 883 165 916 Cernere
182 893 357 917 remotum
370 883 510 929 longins
526 884 613 918 mihi
630 894 703 918 non
717 885 821 919 licet:

11 929 53 964 In
67 930 130 964 hac
148 940 266 964 tamen
283 932 426 978 regione
441 932 517 966 vidi
531 933 657 977 saepius
671 959 678 974 ,

11 977 153 1024 Magnis
172 979 375 1014 volucribus
392 980 535 1015 insidias
552 982 629 1016 esim
647 982 827 1016 tenderent

12 1026 187 1072 Agricoiae
205 1040 215 1067 ·,
235 1028 268 1062 ὅτ.
283 1027 368 1062 istud
379 1054 388 1070 ‚
407 1030 503 1073 quod
518 1029 582 1064 tibi
598 1029 646 1063 est
662 1032 784 1074 praedae
800 1032 883 1064 loco
897 1055 907 1073 ‚

12 1074 210 1109 Subvereor
225 1102 234 1116 ,
252 1087 296 1110 ne
308 1075 382 1111 fors
399 1078 543 1123 obtegat
558 1078 710 1122 aliquem
724 1080 857 1113 dolum.

11 1123 133 1168 Itaque
150 1129 275 1158 cavere
291 1134 435 1170 oportet
450 1151 458 1159 .
471 1151 480 1160 .
493 1151 502 1160 .
515 1151 523 1159 .
544 1126 676 1160 Odiosa
692 1138 728 1160 es
744 1153 752 1166 ,
767 1137 859 1161 tace.

13 1170 102 1205 Tam
118 1172 216 1206 certo
229 1173 320 1206 hunc
336 1183 463 1218 agnum
474 1199 483 1215 ‚
498 1174 602 1218 quam
616 1175 682 1208 effe
699 1185 732 1209 te
749 1176 902 1218 Gruem,
917 1174 1005 1213 scio.

13 1219 72 1254 sic
87 1220 156 1254 fata
169 1246 178 1262 ‚
196 1232 295 1255 more
311 1221 470 1255 fulminis
487 1223 676 1264 delabitur,

12 1267 238 1314 Praedamque
252 1270 393 1303 inanem
408 1270 545 1304 viribus
561 1271 648 1304 totis
665 1272 754 1315 petit
768 1284 777 1307 ε

12 1317 58 1351 At
74 1317 135 1351 sub
152 1318 276 1351 dolosa
292 1320 383 1361 pelle
398 1319 513 1362 cuspis
527 1330 602 1363 quae
620 1321 704 1354 latet

12 1364 201 1399 Mortifera
215 1392 224 1407 ‚
238 1367 357 1409 pedius
373 1367 536 1401 irruentis
551 1368 689 1411 trajicit.

63 1413 195 1447 Omnia
214 1414 333 1449 videre
348 1416 410 1460 qui
425 1426 608 1460 putantur,
629 1429 701 1451 non
717 1417 841 1452 vident

15 1461 148 1495 Omnia
167 1475 174 1495 :
193 1463 251 1496 sed
267 1464 371 1497 etiarn
388 1466 512 1498 ceteris
529 1466 662 1501 acutius

15 1509 122 1555 Quod
137 1510 278 1546 videant
293 1538 301 1553 ,
321 1513 420 1547 causa
436 1512 484 1547 est
499 1514 587 1559 saepe
601 1526 660 1548 cur
675 1526 791 1551 errent
807 1517 929 1564 magis.

348 1689 668 1766 &QW
