1268 2361
145 118 319 164 Lim-:R
345 116 602 165 DECIMUS
636 131 912 175 QUINTUs.
960 121 1046 183 383

62 201 1034 242 ae--ss-——‘Q====-—-e>

185 285 344 331 FAB
383 285 427 330 U
463 286 564 330 LA
642 284 939 333 XXXII.

358 383 392 424 S
393 382 560 426 imiolus
596 380 639 428 δ’
669 383 774 428 Bos.

73 452 149 530 Sl
161 504 195 528 M
206 505 222 529 1
235 504 260 528 ο
273 505 292 529 L
305 505 332 529 U
344 505 360 529 s
379 495 466 529 olim
483 496 561 529 ci‘im
576 496 754 531 videretur
765 496 832 533 sibi

68 545 153 578 Non
169 545 352 588 imperitus
366 544 432 578 effe
447 545 613 590 pingendi
626 547 752 580 artifex
762 572 772 588 ‚

68 592 206 636 Eduum
222 593 352 627 nativis
369 605 566 638 exprimere
579 595 756 629 coloribus

69 641 222 676 Voluit:
239 653 274 675 at
294 643 497 686 inscriptum
516 642 589 683 ejus
606 644 674 677 nisi
691 655 822 678 nomen
835 646 948 689 foretj

69 689 160 735 Equi
175 692 262 724 hanc
278 692 469 736 imaginem
482 691 548 725 esse
566 703 758 737 numquam
772 695 901 728 diceres
920 709 928 729 :

70 739 206 774 Tamen
221 741 403 773 arbitratur
419 741 601 784 pulchrum
620 741 653 773 δι
669 743 806 786 elegans
822 755 934 787 opus·,

70 790 261 834 sciensque
275 789 399 834 magnii
412 789 584 830 judicandi
598 790 635 822 vi
650 789 786 823 Bovem

71 839 252 872 Excellere
263 864 272 878 ‚
286 839 401 883 ipsum
419 838 591 871 convenit
601 864 610 878 ,
625 838 742 871 secum
755 839 871 874 ferens

72 888 150 920 Suae
167 887 349 920 inficetum
370 887 546 930 specimen
562 886 769 930 imperitiae·‚

72 937 115 969 Et
130 963 138 977 ‚
158 936 232 969 Hac
246 936 323 969 mcii
335 962 343 977 ‚
361 935 495 979 inquit,
512 936 553 968 de
566 938 679 969 tabula
695 938 777 980 quid
793 936 941 979 sentias,

73 985 204 1018 Audire
222 985 328 1027 cupio
347 997 355 1016 ε
371 983 579 1027 simpliciter
596 985 631 1018 &
645 986 787 1019 candide

74 1034 167 1077 Age,
181 1044 270 1078 rogo
281 1058 290 1073 ,
305 1043 443 1066 mecum
459 1046 465 1065 :
482 1033 572 1076 pista
589 1034 726 1067 testeae
737 1061 747 1075 ,
761 1045 803 1067 an
819 1035 915 1068 sectis
930 1059 942 1075 ,

74 1082 156 1116 Tibi
171 1082 310 1116 videtui·
325 1093 442 1115 omnis
458 1083 532 1115 haec
548 1082 678 1125 species
694 1084 774 1127 equi
789 1085 802 1117 ἓ

75 1129 199 1165 Effare.
217 1130 283 1165 Cui
298 1131 366 1164 Bos
384 1143 392 1164 :
413 1131 511 1164 Hanc
528 1131 610 1174 equi
624 1132 774 1174 speciem
788 1134 919 1167 vocas?

74 1179 240 1224 Ignosce:
260 1179 413 1224 quodvis
429 1179 523 1212 aliud
537 1179 604 1212 effe
623 1181 764 1215 credidi.

75 1228 247 1262 Simiolus
261 1228 311 1262 ira
327 1228 522 1261 concitatus
534 1254 544 1268 ,
559 1229 634 1261 haec
650 1229 753 1262 refert
769 1241 777 1262 :

76 1277 123 1310 At
138 1277 195 1310 vis
207 1302 216 1317 ‚
231 1277 361 1320 opinor
372 1302 380 1317 ‚
398 1277 504 1310 salsus
520 1276 587 1309 effe
598 1302 606 1316 ,
626 1276 747 1310 stolide
763 1277 832 1311 Bos
844 1280 862 1312 ·!

77 1324 212 1359 Facess‘e
225 1324 315 1359 vero
332 1336 411 1358 cum
428 1325 497 1358 tuis
515 1325 669 1369 ineptiis.
687 1329 690 1332 ’

79 1375 195 1408 Herus
212 1374 300 1407 mihi
315 1373 412 1417 prior
428 1373 556 1407 nobilis
573 1374 687 1417 pieior
702 1375 792 1409 fuit:

80 1423 170 1456 ci'im
185 1423 343 1467 pingeret
359 1433 470 1467 equos
485 1448 493 1462 ‚
511 1422 600 1466 saepe
616 1424 747 1456 mirans
763 1422 899 1465 adstiti,

79 1471 272 1515 Artemque
288 1471 406 1505 didici.
421 1471 490 1504 Bos
507 1472 549 1504 ad
563 1473 635 1504 liaec
649 1484 656 1505 :
676 1472 791 1506 Pictos
805 1483 918 1517 equos

81 1520 137 1553 Tu
153 1520 242 1562 saepe
255 1519 370 1553 vidisti
385 1532 394 1558 ·‚
408 1530 442 1553 at
457 1530 524 1564 ego
538 1519 613 1552 vidi
625 1521 750 1566 saepius

82 1568 148 1601 Per
164 1577 260 1612 prata
276 1579 414 1602 mecum
429 1568 630 1602 vietitantes
645 1582 654 1607 ·‚
674 1570 707 1602 &
723 1580 817 1603 tuam

83 1616 150 1649 His
165 1616 316 1650 similem
330 1617 448 1650 haberi
464 1616 559 1660 poffe
574 1617 743 1661 pidiumm
760 1630 865 1663 nego.

133 1665 266 1699 Auster
277 1665 428 1710 peritum
443 1665 593 1706 iudicem
610 1669 639 1699 si
655 1667 812 1700 consulat

84 1713 227 1758 Ineptus
238 1739 248 1756 ,
265 1724 339 1747 non
354 1714 542 1748 consilium
553 1740 564 1757 ,
575 1725 610 1748 at
623 1716 741 1750 laudes
757 1715 906 1760 expetit.

559 1824 606 1878 ’ἵ-
