1287 2367
251 136 314 186 74
411 112 1082 163 FAB.AESOP1ARUM

251 210 444 241 Communem
460 200 532 232 vitae
549 197 590 230 ad
606 194 688 240 usum
702 190 944 240 pertinentibus.

301 253 400 287 Olim
415 252 492 284 haec
508 247 618 282 fuere.
633 244 772 278 Deinde
788 237 963 274 scribendi
977 243 1090 282 genus

251 305 341 339 Tam
357 300 462 336 facile
473 325 482 338 ,
500 305 645 340 tamque
662 292 854 326 delicatum
869 285 1004 332 respuit

251 351 377 396 Illapsa
393 348 522 383 sensim
539 344 755 389 argutiarum
773 337 946 382 cupiditas
961 361 973 375 ‚

251 404 479 442 Domumque
495 395 598 428 turbo
617 387 857 425 Cordubensis
874 383 1006 419 obruit.

252 453 270 489 J
275 460 403 495 amque
419 449 473 480 hae
489 452 634 489 regnare
651 438 761 485 pestes
777 435 848 470 late
867 438 1051 478 coeperant
1064 454 1075 471 ‚

255 502 341 536 suas
358 497 501 532 fabr-»nas
518 492 684 527 Phaedrus
703 487 785 521 cum
801 483 956 529 primum
972 478 1082 514 edidit
1098 488 1108 511 z

256 551 347 593 Quae
364 543 457 581 forte
476 542 580 576 causa
594 539 662 580 est,
681 548 741 571 cur
756 534 865 570 hodie
882 531 982 565 nullo
998 529 1072 563 fere

256 597 420 634 Munitus
437 592 546 627 exstet
562 597 727 623 veterum
744 581 948 618 testimonio
964 591 976 618 ·‚

257 650 383 692 Neque
399 646 494 678 hunc
511 639 580 674 s1b'1
595 636 663 672 effe
682 633 866 681 cognitum
883 630 1019 664 Seneca
1032 623 1178 658 indicet.

309 697 397 731 Meo
415 692 559 737 quidem
574 685 708 731 judicio
723 709 733 724 ‚
747 683 778 716 si
794 679 930 716 Phaedri
944 676 1040 710 stilus
1055 699 1066 716 ‚

261 747 299 782 Si
315 744 496 790 ingenium
512 765 521 780 ,
540 738 574 771 ὅ(
591 735 651 769 ista
669 729 853 778 aequabilis
873 724 1044 762 festivitas

262 792 464 839 Aliquando
481 787 610 822 fuerint
625 780 799 817 Romanis
821 771 1044 818 contemptui
1059 796 1070 813 ‚

264 846 443 878 Bonarum
459 838 551 882 apud
567 845 629 868 eos
647 831 776 865 artium
793 826 977 861 scientiam

265 895 368 928 Tunc
384 889 451 924 effe
467 885 609 933 paulum
627 882 857 915 adulteratam
873 869 1048 918 oportuit.

266 944 365 978 lilius
383 949 467 984 ergo
483 934 605 969 semita
623 928 692 976 quali
708 925 877 961 monstrat
891 922 990 955 viam
1001 945 1012 961 ‚

270 990 428 1035 Cupidus
445 982 635 1031 sequendi,
653 977 812 1024 passibus
827 972 920 1008 haud
936 967 1046 1014 aequis
1061 962 1152 1000 licet
1165 986 1177 1005 ,

269 1041 416 1087 Pergam
432 1037 642 1071 innocentes
661 1025 822 1072 expolire
839 1021 987 1056 fabulas.

606 1292 690 1334 Sus
715 1285 758 1334 fr
775 1284 936 1329 Leaena.

287 1376 354 1456 f
360 1427 382 1451 E
393 1424 414 1449 c
427 1422 454 1447 U
467 1421 492 1446 N
505 1419 532 1443 D
546 1418 571 1442 Α
590 1407 656 1441 Sus
672 1403 808 1437 Leaenae
823 1394 986 1431 vertebat
994 1389 1133 1435 ‘probro
1145 1411 1158 1429 ,

290 1467 456 1503 Catulum
474 1457 571 1506 qubd
584 1464 694 1490 unum
711 1448 870 1495 quolibet
884 1451 986 1488 partu
1001 1440 1139 1472 ederet:

292 1519 411 1551 L'nurn
427 1538 436 1552 ,
452 1521 485 1543 at
501 1509 657 1541 Leonem
668 1527 677 1542 ‚
693 1497 814 1532 retulit
830 1493 1012 1537 indignans
1028 1487 1115 1521 fera.

344 1565 413 1598 Res
429 1557 598 1605 dignitate
614 1549 807 1597 praevalent
824 1570 834 1585 ‚
848 1552 923 1576 non
940 1536 1055 1583 copia.

662 1716 669 1721 χ
699 1717 891 1786 W
