<?xml version="1.0" encoding="UTF-8"?>
<!DOCTYPE html PUBLIC "-//W3C//DTD XHTML 1.0 Transitional//EN"
    "http://www.w3.org/TR/xhtml1/DTD/xhtml1-transitional.dtd">
<html xmlns="http://www.w3.org/1999/xhtml" xml:lang="en" lang="en">
 <head>
  <title>
</title>
<meta http-equiv="Content-Type" content="text/html;charset=utf-8" />
  <meta name='ocr-system' content='tesseract 3.04.00' />
  <meta name='ocr-capabilities' content='ocr_page ocr_carea ocr_par ocr_line ocrx_word'/>
</head>
<body>
  <div class='ocr_page' id='page_1' title='image "./fabulaeaesopiaec00desbuoft_0431.png"; bbox 0 0 1268 2361; ppageno 0'>
   <div class='ocr_carea' id='block_1_1' title="bbox 147 137 1056 263">
    <p class='ocr_par' dir='ltr' id='par_1_1' title="bbox 147 137 1056 263">
     <span class='ocr_line' id='line_1_1' title="bbox 147 137 1056 198; baseline 0.001 -16"><span class='ocrx_word' id='word_1_1' title='bbox 147 138 317 183; x_wconf 75' lang='lat' dir='ltr'><em>LIBER</em></span> <span class='ocrx_word' id='word_1_2' title='bbox 348 146 612 181; x_wconf 74' lang='lat' dir='ltr'><em>DECIMUS</em></span> <span class='ocrx_word' id='word_1_3' title='bbox 650 147 924 191; x_wconf 77' lang='lat' dir='ltr'><em>QUINTUS.</em></span> <span class='ocrx_word' id='word_1_4' title='bbox 965 137 1056 198; x_wconf 80' lang='lat'>387</span> 
     </span>
     <span class='ocr_line' id='line_1_2' title="bbox 1010 230 1045 263; baseline 0 -8"><span class='ocrx_word' id='word_1_5' title='bbox 1010 230 1045 263; x_wconf 46' lang='grc' dir='ltr'>εχ</span> 
     </span>
    </p>
   </div>
   <div class='ocr_carea' id='block_1_2' title="bbox 773 233 1007 245">
    <p class='ocr_par' dir='ltr' id='par_1_2' title="bbox 773 233 1007 245">
     <span class='ocr_line' id='line_1_3' title="bbox 773 233 1007 245; baseline 0 2116"><span class='ocrx_word' id='word_1_6' title='bbox 773 233 1007 245; x_wconf 95' lang='lat' dir='ltr'> </span> 
     </span>
    </p>
   </div>
   <div class='ocr_carea' id='block_1_3' title="bbox 102 246 335 253">
    <p class='ocr_par' dir='ltr' id='par_1_3' title="bbox 102 246 335 253">
     <span class='ocr_line' id='line_1_4' title="bbox 102 246 335 253; baseline 0 2108"><span class='ocrx_word' id='word_1_7' title='bbox 102 246 335 253; x_wconf 95' lang='lat' dir='ltr'> </span> 
     </span>
    </p>
   </div>
   <div class='ocr_carea' id='block_1_4' title="bbox 773 245 1008 254">
    <p class='ocr_par' dir='ltr' id='par_1_4' title="bbox 773 245 1008 254">
     <span class='ocr_line' id='line_1_5' title="bbox 773 245 1008 254; baseline 0 2107"><span class='ocrx_word' id='word_1_8' title='bbox 773 245 1008 254; x_wconf 95' lang='lat' dir='ltr'> </span> 
     </span>
    </p>
   </div>
   <div class='ocr_carea' id='block_1_5' title="bbox 74 216 927 350">
    <p class='ocr_par' dir='ltr' id='par_1_5' title="bbox 74 216 927 350">
     <span class='ocr_line' id='line_1_6' title="bbox 74 216 765 257; baseline 0.007 -11"><span class='ocrx_word' id='word_1_9' title='bbox 74 216 765 257; x_wconf 45' lang='lat'>43———2-2205222</span> 
     </span>
     <span class='ocr_line' id='line_1_7' title="bbox 193 303 927 350; baseline 0.001 -2"><span class='ocrx_word' id='word_1_10' title='bbox 193 303 542 350; x_wconf 85' lang='lat' dir='ltr'><strong>FABULA</strong></span> <span class='ocrx_word' id='word_1_11' title='bbox 609 304 927 350; x_wconf 86' lang='lat' dir='ltr'>XXXVI.</span> 
     </span>
    </p>
   </div>
   <div class='ocr_carea' id='block_1_6' title="bbox 162 397 974 454">
    <p class='ocr_par' dir='ltr' id='par_1_6' title="bbox 162 397 974 454">
     <span class='ocr_line' id='line_1_8' title="bbox 162 397 974 454; baseline 0.006 -12"><span class='ocrx_word' id='word_1_12' title='bbox 162 398 402 442; x_wconf 78' lang='lat' dir='ltr'>Cothurnlx</span> <span class='ocrx_word' id='word_1_13' title='bbox 423 432 440 454; x_wconf 84' lang='lat'><em>,</em></span> <span class='ocrx_word' id='word_1_14' title='bbox 478 398 636 442; x_wconf 82' lang='lat' dir='ltr'><em>Perdix</em></span> <span class='ocrx_word' id='word_1_15' title='bbox 662 433 679 454; x_wconf 88' lang='lat'><em>‚</em></span> <span class='ocrx_word' id='word_1_16' title='bbox 718 397 760 444; x_wconf 69' lang='lat' dir='ltr'>G·</span> <span class='ocrx_word' id='word_1_17' title='bbox 797 400 974 447; x_wconf 74' lang='lat' dir='ltr'>Cornix.</span> 
     </span>
    </p>
   </div>
   <div class='ocr_carea' id='block_1_7' title="bbox 0 469 950 702">
    <p class='ocr_par' dir='ltr' id='par_1_7' title="bbox 0 469 950 605">
     <span class='ocr_line' id='line_1_9' title="bbox 68 469 950 557; baseline 0.002 -11"><span class='ocrx_word' id='word_1_18' title='bbox 68 469 158 546; x_wconf 41' lang='lat' dir='ltr'>..v-*Q</span> <span class='ocrx_word' id='word_1_19' title='bbox 173 519 200 544; x_wconf 85' lang='grc' dir='ltr'>Ι)</span> <span class='ocrx_word' id='word_1_20' title='bbox 213 520 239 543; x_wconf 85' lang='lat' dir='ltr'><strong>v</strong></span> <span class='ocrx_word' id='word_1_21' title='bbox 251 521 274 544; x_wconf 77' lang='grc' dir='ltr'><strong><em>Ε</em></strong></span> <span class='ocrx_word' id='word_1_22' title='bbox 286 520 312 544; x_wconf 78' lang='lat' dir='ltr'>N</span> <span class='ocrx_word' id='word_1_23' title='bbox 323 520 345 544; x_wconf 78' lang='grc' dir='ltr'><strong><em>Ε</em></strong></span> <span class='ocrx_word' id='word_1_24' title='bbox 358 521 383 544; x_wconf 83' lang='lat' dir='ltr'>R</span> <span class='ocrx_word' id='word_1_25' title='bbox 396 520 420 544; x_wconf 81' lang='grc' dir='ltr'><strong>Α</strong></span> <span class='ocrx_word' id='word_1_26' title='bbox 433 520 457 544; x_wconf 87' lang='grc' dir='ltr'>τ</span> <span class='ocrx_word' id='word_1_27' title='bbox 476 512 676 545; x_wconf 80' lang='lat' dir='ltr'>Cothurnix</span> <span class='ocrx_word' id='word_1_28' title='bbox 689 512 729 545; x_wconf 90' lang='lat' dir='ltr'>ab</span> <span class='ocrx_word' id='word_1_29' title='bbox 745 513 812 546; x_wconf 88' lang='lat' dir='ltr'>alia</span> <span class='ocrx_word' id='word_1_30' title='bbox 827 516 950 557; x_wconf 88' lang='lat' dir='ltr'>procul</span> 
     </span>
     <span class='ocr_line' id='line_1_10' title="bbox 0 559 867 605; baseline 0 -10"><span class='ocrx_word' id='word_1_31' title='bbox 0 586 2 595; x_wconf 77' lang='lat'>.</span> <span class='ocrx_word' id='word_1_32' title='bbox 67 560 228 605; x_wconf 88' lang='lat' dir='ltr'>Regione</span> <span class='ocrx_word' id='word_1_33' title='bbox 243 572 251 593; x_wconf 90' lang='lat'>:</span> <span class='ocrx_word' id='word_1_34' title='bbox 267 560 394 593; x_wconf 84' lang='lat' dir='ltr'>Perdix</span> <span class='ocrx_word' id='word_1_35' title='bbox 410 560 459 593; x_wconf 90' lang='lat' dir='ltr'>sic</span> <span class='ocrx_word' id='word_1_36' title='bbox 475 559 690 604; x_wconf 75' lang='lat' dir='ltr'>alloquitur:</span> <span class='ocrx_word' id='word_1_37' title='bbox 707 561 741 594; x_wconf 92' lang='lat' dir='ltr'><strong>O</strong></span> <span class='ocrx_word' id='word_1_38' title='bbox 756 562 847 595; x_wconf 88' lang='lat' dir='ltr'>bona</span> <span class='ocrx_word' id='word_1_39' title='bbox 859 588 867 602; x_wconf 90' lang='lat'>‚</span> 
     </span>
    </p>

    <p class='ocr_par' dir='ltr' id='par_1_8' title="bbox 2 608 879 654">
     <span class='ocr_line' id='line_1_11' title="bbox 2 608 879 654; baseline 0.002 -12"><span class='ocrx_word' id='word_1_40' title='bbox 2 651 4 654; x_wconf 90' lang='lat'>.</span> <span class='ocrx_word' id='word_1_41' title='bbox 65 610 120 642; x_wconf 89' lang='lat' dir='ltr'>Ad</span> <span class='ocrx_word' id='word_1_42' title='bbox 136 608 239 642; x_wconf 85' lang='lat' dir='ltr'>hosce</span> <span class='ocrx_word' id='word_1_43' title='bbox 256 619 399 653; x_wconf 89' lang='lat' dir='ltr'>campos</span> <span class='ocrx_word' id='word_1_44' title='bbox 415 610 603 653; x_wconf 77' lang='lat' dir='ltr'>confugere</span> <span class='ocrx_word' id='word_1_45' title='bbox 619 609 698 653; x_wconf 85' lang='lat' dir='ltr'>quis</span> <span class='ocrx_word' id='word_1_46' title='bbox 715 620 749 642; x_wconf 87' lang='lat' dir='ltr'>te</span> <span class='ocrx_word' id='word_1_47' title='bbox 768 612 879 644; x_wconf 88' lang='lat' dir='ltr'>malus</span> 
     </span>
    </p>

    <p class='ocr_par' dir='ltr' id='par_1_9' title="bbox 0 657 823 702">
     <span class='ocr_line' id='line_1_12' title="bbox 0 657 823 702; baseline 0.002 -12"><span class='ocrx_word' id='word_1_48' title='bbox 0 657 3 663; x_wconf 82' lang='grc'><strong>’</strong></span> <span class='ocrx_word' id='word_1_49' title='bbox 67 657 196 702; x_wconf 82' lang='lat' dir='ltr'>Coegit</span> <span class='ocrx_word' id='word_1_50' title='bbox 215 668 311 690; x_wconf 87' lang='lat' dir='ltr'>error</span> <span class='ocrx_word' id='word_1_51' title='bbox 327 659 340 691; x_wconf 71' lang='grc' dir='ltr'><strong><em>ἓ</em></strong></span> <span class='ocrx_word' id='word_1_52' title='bbox 356 668 505 701; x_wconf 85' lang='lat' dir='ltr'>namque</span> <span class='ocrx_word' id='word_1_53' title='bbox 516 683 524 697; x_wconf 88' lang='lat'>‚</span> <span class='ocrx_word' id='word_1_54' title='bbox 540 657 569 690; x_wconf 91' lang='lat' dir='ltr'>si</span> <span class='ocrx_word' id='word_1_55' title='bbox 587 658 696 691; x_wconf 86' lang='lat' dir='ltr'>nescis</span> <span class='ocrx_word' id='word_1_56' title='bbox 707 684 716 699; x_wconf 85' lang='lat'>‚</span> <span class='ocrx_word' id='word_1_57' title='bbox 730 659 823 700; x_wconf 88' lang='lat' dir='ltr'>doli,</span> 
     </span>
    </p>
   </div>
   <div class='ocr_carea' id='block_1_8' title="bbox 3 701 954 799">
    <p class='ocr_par' dir='ltr' id='par_1_10' title="bbox 3 701 954 799">
     <span class='ocr_line' id='line_1_13' title="bbox 3 701 954 752; baseline 0.004 -14"><span class='ocrx_word' id='word_1_58' title='bbox 3 701 6 710; x_wconf 79' lang='grc'>’</span> <span class='ocrx_word' id='word_1_59' title='bbox 65 707 285 751; x_wconf 67' lang='lat' dir='ltr'>Fraudesque</span> <span class='ocrx_word' id='word_1_60' title='bbox 297 731 306 746; x_wconf 92' lang='lat'>,</span> <span class='ocrx_word' id='word_1_61' title='bbox 322 706 447 749; x_wconf 79' lang='lat' dir='ltr'>visque</span> <span class='ocrx_word' id='word_1_62' title='bbox 459 732 467 745; x_wconf 93' lang='lat'>,</span> <span class='ocrx_word' id='word_1_63' title='bbox 486 706 520 738; x_wconf 71' lang='grc' dir='ltr'>ὃ(</span> <span class='ocrx_word' id='word_1_64' title='bbox 537 717 642 738; x_wconf 89' lang='lat' dir='ltr'>omne</span> <span class='ocrx_word' id='word_1_65' title='bbox 659 707 805 740; x_wconf 84' lang='lat' dir='ltr'>feritatis</span> <span class='ocrx_word' id='word_1_66' title='bbox 824 719 954 752; x_wconf 73' lang='lat' dir='ltr'>genus,</span> 
     </span>
     <span class='ocr_line' id='line_1_14' title="bbox 6 754 850 799; baseline 0.002 -13"><span class='ocrx_word' id='word_1_67' title='bbox 6 762 7 766; x_wconf 77' lang='grc'>’</span> <span class='ocrx_word' id='word_1_68' title='bbox 66 754 109 787; x_wconf 87' lang='lat' dir='ltr'>Et</span> <span class='ocrx_word' id='word_1_69' title='bbox 123 754 234 787; x_wconf 62' lang='lat' dir='ltr'>lufius</span> <span class='ocrx_word' id='word_1_70' title='bbox 246 780 254 794; x_wconf 85' lang='lat'>‚</span> <span class='ocrx_word' id='word_1_71' title='bbox 272 754 306 786; x_wconf 89' lang='lat'>&amp;</span> <span class='ocrx_word' id='word_1_72' title='bbox 320 765 416 787; x_wconf 87' lang='lat' dir='ltr'>mors</span> <span class='ocrx_word' id='word_1_73' title='bbox 434 754 546 797; x_wconf 88' lang='lat' dir='ltr'>impio</span> <span class='ocrx_word' id='word_1_74' title='bbox 563 765 629 786; x_wconf 87' lang='lat' dir='ltr'>nos</span> <span class='ocrx_word' id='word_1_75' title='bbox 645 755 850 799; x_wconf 88' lang='lat' dir='ltr'>opprimunt</span> 
     </span>
    </p>
   </div>
   <div class='ocr_carea' id='block_1_9' title="bbox 67 802 832 847">
    <p class='ocr_par' dir='ltr' id='par_1_11' title="bbox 67 802 832 847">
     <span class='ocr_line' id='line_1_15' title="bbox 67 802 832 847; baseline 0.003 -12"><span class='ocrx_word' id='word_1_76' title='bbox 67 803 266 835; x_wconf 77' lang='lat' dir='ltr'>Dominatu</span> <span class='ocrx_word' id='word_1_77' title='bbox 282 814 290 836; x_wconf 89' lang='lat'>:</span> <span class='ocrx_word' id='word_1_78' title='bbox 309 803 338 835; x_wconf 84' lang='lat' dir='ltr'>si</span> <span class='ocrx_word' id='word_1_79' title='bbox 357 802 440 846; x_wconf 92' lang='lat' dir='ltr'>quid</span> <span class='ocrx_word' id='word_1_80' title='bbox 455 812 643 835; x_wconf 86' lang='lat' dir='ltr'>venatores</span> <span class='ocrx_word' id='word_1_81' title='bbox 655 829 664 842; x_wconf 79' lang='lat'>,</span> <span class='ocrx_word' id='word_1_82' title='bbox 679 814 832 847; x_wconf 83' lang='lat' dir='ltr'>aucupes</span> 
     </span>
    </p>
   </div>
   <div class='ocr_carea' id='block_1_10' title="bbox 10 849 760 895">
    <p class='ocr_par' dir='ltr' id='par_1_12' title="bbox 10 849 760 895">
     <span class='ocr_line' id='line_1_16' title="bbox 10 849 760 895; baseline 0 -11"><span class='ocrx_word' id='word_1_83' title='bbox 10 863 11 868; x_wconf 57' lang='lat'>¹</span> <span class='ocrx_word' id='word_1_84' title='bbox 66 851 200 885; x_wconf 83' lang='lat' dir='ltr'>saevire</span> <span class='ocrx_word' id='word_1_85' title='bbox 214 849 340 884; x_wconf 79' lang='lat' dir='ltr'>cessant</span> <span class='ocrx_word' id='word_1_86' title='bbox 351 876 360 891; x_wconf 83' lang='lat'><em>‚</em></span> <span class='ocrx_word' id='word_1_87' title='bbox 379 851 545 895; x_wconf 86' lang='lat' dir='ltr'>ingruunt</span> <span class='ocrx_word' id='word_1_88' title='bbox 560 852 760 894; x_wconf 68' lang='lat' dir='ltr'>vulpeculae</span> 
     </span>
    </p>
   </div>
   <div class='ocr_carea' id='block_1_11' title="bbox 66 898 980 1182">
    <p class='ocr_par' dir='ltr' id='par_1_13' title="bbox 66 898 980 1040">
     <span class='ocr_line' id='line_1_17' title="bbox 66 898 980 943; baseline 0.004 -10"><span class='ocrx_word' id='word_1_89' title='bbox 66 898 253 934; x_wconf 67' lang='lat' dir='ltr'>Continui&gt;</span> <span class='ocrx_word' id='word_1_90' title='bbox 268 925 278 940; x_wconf 80' lang='lat'><em>‚</em></span> <span class='ocrx_word' id='word_1_91' title='bbox 297 900 331 932; x_wconf 90' lang='lat'>&amp;</span> <span class='ocrx_word' id='word_1_92' title='bbox 345 900 469 943; x_wconf 80' lang='lat' dir='ltr'>aquilae</span> <span class='ocrx_word' id='word_1_93' title='bbox 489 900 523 932; x_wconf 71' lang='grc' dir='ltr'>ὅ(</span> <span class='ocrx_word' id='word_1_94' title='bbox 538 899 721 943; x_wconf 80' lang='lat' dir='ltr'>accipitres</span> <span class='ocrx_word' id='word_1_95' title='bbox 732 926 742 941; x_wconf 90' lang='lat'>‚</span> <span class='ocrx_word' id='word_1_96' title='bbox 760 901 794 934; x_wconf 64' lang='grc' dir='ltr'>ὃ(</span> <span class='ocrx_word' id='word_1_97' title='bbox 810 902 980 938; x_wconf 78' lang='lat' dir='ltr'>vultures,</span> 
     </span>
     <span class='ocr_line' id='line_1_18' title="bbox 66 948 866 992; baseline 0.003 -11"><span class='ocrx_word' id='word_1_98' title='bbox 66 948 187 981; x_wconf 88' lang='lat' dir='ltr'>Refert</span> <span class='ocrx_word' id='word_1_99' title='bbox 203 948 404 981; x_wconf 83' lang='lat' dir='ltr'>Cothurnix</span> <span class='ocrx_word' id='word_1_100' title='bbox 418 948 518 980; x_wconf 87' lang='lat' dir='ltr'>:Heu</span> <span class='ocrx_word' id='word_1_101' title='bbox 533 950 540 982; x_wconf 90' lang='lat'>!</span> <span class='ocrx_word' id='word_1_102' title='bbox 556 948 681 992; x_wconf 82' lang='lat' dir='ltr'>reliqui</span> <span class='ocrx_word' id='word_1_103' title='bbox 697 950 843 992; x_wconf 88' lang='lat' dir='ltr'>patriam</span> <span class='ocrx_word' id='word_1_104' title='bbox 857 976 866 990; x_wconf 90' lang='lat'>,</span> 
     </span>
     <span class='ocr_line' id='line_1_19' title="bbox 66 995 836 1040; baseline 0.004 -12"><span class='ocrx_word' id='word_1_105' title='bbox 66 995 177 1039; x_wconf 80' lang='lat' dir='ltr'>Quod</span> <span class='ocrx_word' id='word_1_106' title='bbox 189 996 244 1029; x_wconf 89' lang='lat' dir='ltr'>his</span> <span class='ocrx_word' id='word_1_107' title='bbox 263 997 297 1028; x_wconf 75' lang='grc' dir='ltr'>ὃ(</span> <span class='ocrx_word' id='word_1_108' title='bbox 311 996 387 1029; x_wconf 85' lang='lat' dir='ltr'>aliis</span> <span class='ocrx_word' id='word_1_109' title='bbox 404 995 554 1039; x_wconf 85' lang='lat' dir='ltr'>pestibus</span> <span class='ocrx_word' id='word_1_110' title='bbox 569 998 836 1040; x_wconf 82' lang='lat' dir='ltr'>quamplurimis</span> 
     </span>
    </p>

    <p class='ocr_par' dir='ltr' id='par_1_14' title="bbox 66 1043 848 1136">
     <span class='ocr_line' id='line_1_20' title="bbox 67 1043 816 1089; baseline 0.003 -12"><span class='ocrx_word' id='word_1_111' title='bbox 67 1044 191 1078; x_wconf 87' lang='lat' dir='ltr'>Infesta</span> <span class='ocrx_word' id='word_1_112' title='bbox 209 1043 327 1077; x_wconf 87' lang='lat' dir='ltr'>nostro</span> <span class='ocrx_word' id='word_1_113' title='bbox 342 1046 498 1078; x_wconf 85' lang='lat' dir='ltr'>redderet</span> <span class='ocrx_word' id='word_1_114' title='bbox 514 1045 634 1089; x_wconf 80' lang='lat' dir='ltr'>generi</span> <span class='ocrx_word' id='word_1_115' title='bbox 651 1057 794 1089; x_wconf 85' lang='lat' dir='ltr'>gravem</span> <span class='ocrx_word' id='word_1_116' title='bbox 807 1072 816 1087; x_wconf 92' lang='lat'>‚</span> 
     </span>
     <span class='ocr_line' id='line_1_21' title="bbox 66 1093 848 1136; baseline 0.003 -10"><span class='ocrx_word' id='word_1_117' title='bbox 66 1093 375 1136; x_wconf 87' lang='lat' dir='ltr'>Miserabilemque</span> <span class='ocrx_word' id='word_1_118' title='bbox 390 1093 501 1126; x_wconf 82' lang='lat' dir='ltr'>viram</span> <span class='ocrx_word' id='word_1_119' title='bbox 519 1105 527 1126; x_wconf 90' lang='lat'>:</span> <span class='ocrx_word' id='word_1_120' title='bbox 546 1094 580 1126; x_wconf 85' lang='lat' dir='ltr'>a&#39;t</span> <span class='ocrx_word' id='word_1_121' title='bbox 597 1094 715 1127; x_wconf 88' lang='lat' dir='ltr'>audivi</span> <span class='ocrx_word' id='word_1_122' title='bbox 732 1104 848 1128; x_wconf 85' lang='lat' dir='ltr'>tamen</span> 
     </span>
    </p>

    <p class='ocr_par' dir='ltr' id='par_1_15' title="bbox 67 1140 806 1182">
     <span class='ocr_line' id='line_1_22' title="bbox 67 1140 806 1182; baseline 0 -7"><span class='ocrx_word' id='word_1_123' title='bbox 67 1143 99 1175; x_wconf 93' lang='lat' dir='ltr'><strong>A</strong></span> <span class='ocrx_word' id='word_1_124' title='bbox 116 1151 243 1182; x_wconf 87' lang='lat' dir='ltr'>matre,</span> <span class='ocrx_word' id='word_1_125' title='bbox 262 1142 296 1174; x_wconf 81' lang='lat' dir='ltr'>se</span> <span class='ocrx_word' id='word_1_126' title='bbox 312 1140 481 1175; x_wconf 77' lang='lat' dir='ltr'>audiviffe</span> <span class='ocrx_word' id='word_1_127' title='bbox 497 1141 576 1175; x_wconf 72' lang='lat' dir='ltr'>cum</span> <span class='ocrx_word' id='word_1_128' title='bbox 593 1142 659 1175; x_wconf 87' lang='lat' dir='ltr'>sibi</span> <span class='ocrx_word' id='word_1_129' title='bbox 675 1143 806 1177; x_wconf 88' lang='lat' dir='ltr'>diceret</span> 
     </span>
    </p>
   </div>
   <div class='ocr_carea' id='block_1_12' title="bbox 4 1189 712 1230">
    <p class='ocr_par' dir='ltr' id='par_1_16' title="bbox 4 1189 712 1230">
     <span class='ocr_line' id='line_1_23' title="bbox 4 1189 712 1230; baseline 0.001 -7"><span class='ocrx_word' id='word_1_130' title='bbox 4 1196 7 1200; x_wconf 96' lang='grc'><strong>’</strong></span> <span class='ocrx_word' id='word_1_131' title='bbox 66 1190 159 1223; x_wconf 87' lang='lat' dir='ltr'>Avia</span> <span class='ocrx_word' id='word_1_132' title='bbox 174 1215 183 1230; x_wconf 95' lang='lat'>,</span> <span class='ocrx_word' id='word_1_133' title='bbox 201 1189 393 1223; x_wconf 81' lang='lat' dir='ltr'>animantes</span> <span class='ocrx_word' id='word_1_134' title='bbox 408 1189 499 1223; x_wconf 89' lang='lat' dir='ltr'>inter</span> <span class='ocrx_word' id='word_1_135' title='bbox 514 1190 626 1224; x_wconf 80' lang='lat' dir='ltr'>aetatis</span> <span class='ocrx_word' id='word_1_136' title='bbox 644 1191 712 1224; x_wconf 80' lang='lat' dir='ltr'>suae</span> 
     </span>
    </p>
   </div>
   <div class='ocr_carea' id='block_1_13' title="bbox 28 1237 995 1381">
    <p class='ocr_par' dir='ltr' id='par_1_17' title="bbox 28 1237 995 1381">
     <span class='ocr_line' id='line_1_24' title="bbox 67 1237 804 1282; baseline 0.003 -11"><span class='ocrx_word' id='word_1_137' title='bbox 67 1238 206 1272; x_wconf 85' lang='lat' dir='ltr'>Omnes</span> <span class='ocrx_word' id='word_1_138' title='bbox 224 1237 323 1272; x_wconf 88' lang='lat' dir='ltr'>fuisse</span> <span class='ocrx_word' id='word_1_139' title='bbox 340 1249 544 1282; x_wconf 84' lang='lat' dir='ltr'>perpetuam</span> <span class='ocrx_word' id='word_1_140' title='bbox 564 1239 804 1273; x_wconf 84' lang='lat' dir='ltr'>concordiam.</span> 
     </span>
     <span class='ocr_line' id='line_1_25' title="bbox 28 1287 829 1331; baseline 0.001 -11"><span class='ocrx_word' id='word_1_141' title='bbox 28 1324 29 1328; x_wconf 13' lang='grc' dir='ltr'><strong>Ἰ</strong></span> <span class='ocrx_word' id='word_1_142' title='bbox 67 1287 245 1331; x_wconf 85' lang='lat' dir='ltr'>Longaeva</span> <span class='ocrx_word' id='word_1_143' title='bbox 260 1287 397 1320; x_wconf 83' lang='lat' dir='ltr'>Cornix</span> <span class='ocrx_word' id='word_1_144' title='bbox 410 1288 475 1320; x_wconf 90' lang='lat' dir='ltr'>huc</span> <span class='ocrx_word' id='word_1_145' title='bbox 493 1287 565 1320; x_wconf 83' lang='lat' dir='ltr'>fors</span> <span class='ocrx_word' id='word_1_146' title='bbox 581 1288 805 1321; x_wconf 86' lang='lat' dir='ltr'>advolaverat</span> <span class='ocrx_word' id='word_1_147' title='bbox 820 1313 829 1329; x_wconf 85' lang='lat'>‚</span> 
     </span>
     <span class='ocr_line' id='line_1_26' title="bbox 68 1335 995 1381; baseline 0.004 -13"><span class='ocrx_word' id='word_1_148' title='bbox 68 1335 157 1378; x_wconf 68' lang='lat' dir='ltr'>Quae</span> <span class='ocrx_word' id='word_1_149' title='bbox 173 1336 279 1369; x_wconf 89' lang='lat' dir='ltr'>verba</span> <span class='ocrx_word' id='word_1_150' title='bbox 294 1336 460 1369; x_wconf 82' lang='lat' dir='ltr'>damnans</span> <span class='ocrx_word' id='word_1_151' title='bbox 474 1335 630 1370; x_wconf 84' lang='lat' dir='ltr'>volucris</span> <span class='ocrx_word' id='word_1_152' title='bbox 646 1336 835 1381; x_wconf 85' lang='lat' dir='ltr'>peregrinae</span> <span class='ocrx_word' id='word_1_153' title='bbox 851 1336 971 1372; x_wconf 81' lang='lat' dir='ltr'>ultima</span> <span class='ocrx_word' id='word_1_154' title='bbox 985 1351 995 1372; x_wconf 86' lang='lat'>:</span> 
     </span>
    </p>
   </div>
   <div class='ocr_carea' id='block_1_14' title="bbox 10 1384 775 1428">
    <p class='ocr_par' dir='ltr' id='par_1_18' title="bbox 10 1384 775 1428">
     <span class='ocr_line' id='line_1_27' title="bbox 10 1384 775 1428; baseline 0.001 -12"><span class='ocrx_word' id='word_1_155' title='bbox 10 1388 13 1416; x_wconf 70' lang='grc' dir='ltr'>Ξ</span> <span class='ocrx_word' id='word_1_156' title='bbox 67 1384 142 1417; x_wconf 81' lang='lat' dir='ltr'><strong>Istae</strong></span> <span class='ocrx_word' id='word_1_157' title='bbox 153 1410 162 1424; x_wconf 93' lang='lat'>‚</span> <span class='ocrx_word' id='word_1_158' title='bbox 178 1384 312 1428; x_wconf 83' lang='lat' dir='ltr'>inquit,</span> <span class='ocrx_word' id='word_1_159' title='bbox 329 1385 397 1417; x_wconf 66' lang='lat' dir='ltr'>istae</span> <span class='ocrx_word' id='word_1_160' title='bbox 416 1385 493 1418; x_wconf 86' lang='lat' dir='ltr'>sunt</span> <span class='ocrx_word' id='word_1_161' title='bbox 509 1385 616 1418; x_wconf 83' lang='lat' dir='ltr'>aniles</span> <span class='ocrx_word' id='word_1_162' title='bbox 631 1385 751 1418; x_wconf 55' lang='lat' dir='ltr'>fabulae</span> <span class='ocrx_word' id='word_1_163' title='bbox 768 1398 775 1417; x_wconf 88' lang='lat'>:</span> 
     </span>
    </p>
   </div>
   <div class='ocr_carea' id='block_1_15' title="bbox 67 1432 897 1622">
    <p class='ocr_par' dir='ltr' id='par_1_19' title="bbox 67 1432 843 1477">
     <span class='ocr_line' id='line_1_28' title="bbox 67 1432 843 1477; baseline 0.003 -12"><span class='ocrx_word' id='word_1_164' title='bbox 67 1432 196 1465; x_wconf 87' lang='lat' dir='ltr'>Adsum</span> <span class='ocrx_word' id='word_1_165' title='bbox 211 1433 376 1466; x_wconf 81' lang='lat' dir='ltr'>videlicet</span> <span class='ocrx_word' id='word_1_166' title='bbox 391 1444 435 1466; x_wconf 89' lang='lat' dir='ltr'>en</span> <span class='ocrx_word' id='word_1_167' title='bbox 451 1444 518 1477; x_wconf 86' lang='lat' dir='ltr'>ego</span> <span class='ocrx_word' id='word_1_168' title='bbox 535 1435 702 1466; x_wconf 87' lang='lat' dir='ltr'>ducentos</span> <span class='ocrx_word' id='word_1_169' title='bbox 718 1433 843 1467; x_wconf 84' lang='lat' dir='ltr'>abhinc</span> 
     </span>
    </p>

    <p class='ocr_par' dir='ltr' id='par_1_20' title="bbox 67 1481 897 1526">
     <span class='ocr_line' id='line_1_29' title="bbox 67 1481 897 1526; baseline 0.004 -13"><span class='ocrx_word' id='word_1_170' title='bbox 67 1482 190 1514; x_wconf 88' lang='lat' dir='ltr'>Annos</span> <span class='ocrx_word' id='word_1_171' title='bbox 205 1481 369 1526; x_wconf 85' lang='lat' dir='ltr'>superstes</span> <span class='ocrx_word' id='word_1_172' title='bbox 385 1494 394 1519; x_wconf 92' lang='lat'>·‚</span> <span class='ocrx_word' id='word_1_173' title='bbox 411 1482 486 1514; x_wconf 90' lang='lat' dir='ltr'>visa</span> <span class='ocrx_word' id='word_1_174' title='bbox 502 1493 566 1514; x_wconf 81' lang='lat' dir='ltr'>nec</span> <span class='ocrx_word' id='word_1_175' title='bbox 583 1481 629 1515; x_wconf 90' lang='lat' dir='ltr'>est</span> <span class='ocrx_word' id='word_1_176' title='bbox 645 1493 792 1526; x_wconf 80' lang='lat' dir='ltr'>usquam</span> <span class='ocrx_word' id='word_1_177' title='bbox 809 1483 897 1516; x_wconf 86' lang='lat' dir='ltr'>mihi</span> 
     </span>
    </p>

    <p class='ocr_par' dir='ltr' id='par_1_21' title="bbox 71 1528 751 1622">
     <span class='ocr_line' id='line_1_30' title="bbox 71 1528 741 1574; baseline 0.001 -11"><span class='ocrx_word' id='word_1_178' title='bbox 71 1528 170 1563; x_wconf 85' lang='lat' dir='ltr'>Gens</span> <span class='ocrx_word' id='word_1_179' title='bbox 185 1529 330 1571; x_wconf 76' lang='lat' dir='ltr'>miluina</span> <span class='ocrx_word' id='word_1_180' title='bbox 346 1529 466 1563; x_wconf 81' lang='lat' dir='ltr'>vestrae</span> <span class='ocrx_word' id='word_1_181' title='bbox 482 1530 575 1574; x_wconf 76' lang='lat' dir='ltr'>genti</span> <span class='ocrx_word' id='word_1_182' title='bbox 588 1541 741 1574; x_wconf 85' lang='lat' dir='ltr'>parcere.</span> 
     </span>
     <span class='ocr_line' id='line_1_31' title="bbox 117 1576 751 1622; baseline 0.003 -11"><span class='ocrx_word' id='word_1_183' title='bbox 117 1576 286 1622; x_wconf 84' lang='lat' dir='ltr'>AEquaeva</span> <span class='ocrx_word' id='word_1_184' title='bbox 301 1578 381 1613; x_wconf 88' lang='lat' dir='ltr'>miti</span> <span class='ocrx_word' id='word_1_185' title='bbox 397 1579 494 1612; x_wconf 82' lang='lat' dir='ltr'>nario</span> <span class='ocrx_word' id='word_1_186' title='bbox 512 1578 658 1612; x_wconf 83' lang='lat' dir='ltr'>immitis</span> <span class='ocrx_word' id='word_1_187' title='bbox 674 1579 751 1614; x_wconf 86' lang='lat' dir='ltr'>fuit.</span> 
     </span>
    </p>
   </div>
   <div class='ocr_carea' id='block_1_16' title="bbox 462 1752 655 1817">
    <p class='ocr_par' dir='ltr' id='par_1_22' title="bbox 462 1752 655 1817">
     <span class='ocr_line' id='line_1_32' title="bbox 462 1752 655 1817; baseline 0 -2"><span class='ocrx_word' id='word_1_188' title='bbox 462 1752 655 1817; x_wconf 52' lang='lat' dir='ltr'>W</span> 
     </span>
    </p>
   </div>
   <div class='ocr_carea' id='block_1_17' title="bbox 780 1962 859 2007">
    <p class='ocr_par' dir='ltr' id='par_1_23' title="bbox 780 1962 859 2007">
     <span class='ocr_line' id='line_1_33' title="bbox 780 1962 859 2007; baseline 0 -9"><span class='ocrx_word' id='word_1_189' title='bbox 780 1964 811 1998; x_wconf 90' lang='lat' dir='ltr'>R</span> <span class='ocrx_word' id='word_1_190' title='bbox 834 1962 859 2007; x_wconf 83' lang='lat' dir='ltr'>ij</span> 
     </span>
    </p>
   </div>
   <div class='ocr_carea' id='block_1_18' title="bbox 11 1548 67 2361">
    <p class='ocr_par' dir='ltr' id='par_1_24' title="bbox 11 1548 67 2361">
     <span class='ocr_line' id='line_1_34' title="bbox 11 1548 67 2361; baseline 0 0"><span class='ocrx_word' id='word_1_191' title='bbox 11 1548 67 2361; x_wconf 95' lang='lat' dir='ltr'> </span> 
     </span>
    </p>
   </div>
  </div>
 </body>
</html>
