1225 2367
96 1410 99 1417 >
172 1395 306 1438 strepis
317 1420 326 1435 ‚
346 1396 508 1428 reclamat
524 1396 640 1429 omnis
656 1397 755 1429 turba
770 1422 779 1436 ‚
796 1406 869 1428 non
884 1395 993 1428 canis.

172 162 262 210 340
330 151 478 193 ΓΑΒ.
513 149 995 195 AESOPIARUM

166 244 202 270 με

327 315 706 360 FABULA
777 314 996 362 XVII.

469 409 859 470 Poeta&Anser.

165 481 238 556 L
252 532 277 556 A
290 533 310 556 Β
324 532 348 557 o
362 532 387 556 R
397 533 419 556 E
436 524 550 557 multo
561 549 570 563 ‚
585 521 810 567 maximaque
823 523 989 558 industria

163 572 304 606 Docios
317 598 326 612 ‚
342 573 475 606 facetos
490 572 612 605 versus
629 571 851 616 expoliverat

164 620 274 654 Poeta
287 620 425 665 quidam
438 647 447 662 ‚
461 620 691 664 emiseratque
705 620 742 653 in
754 620 952 664 publicum:

161 669 361 712 Exceptum
377 669 507 714 ubique
523 668 570 702 est
582 669 738 702 laudibus
751 669 846 702 veris
860 680 964 713 opus.

160 717 328 750 Advertit
344 718 452 751 Anser
467 731 475 751 z
495 719 529 750 δι
545 717 625 761 quia
637 717 729 751 forte
741 743 750 758 ‚
766 728 871 761 quem
887 717 957 751 suis

163 766 306 799 Solebat
321 765 378 798 ille
394 765 644 809 perscribendis
660 765 819 799 versibus

161 814 338 846 Adhibere
354 839 362 853 ,
377 815 548 847 calamum
559 840 567 854 ‚
585 825 604 847 e
618 825 732 857 penna
749 814 926 858 delapsum
938 839 947 856 ‚
966 812 1060 848 dedit
1072 838 1083 856 ,

162 861 260 895 Hinc
275 861 417 906 gloriari
432 864 523 906 apud
536 862 636 895 suum
652 863 762 906 coepit
779 873 887 906 genus
898 888 908 904 ‚

164 910 312 943 Perinde
329 922 368 943 ac
385 911 486 955 operi
503 909 718 955 perficiendo
734 911 846 944 nobili

166 958 203 991 Si
220 958 417 992 contuliffet
434 961 583 992 multum
600 958 678 1003 Opis
699 960 733 993 &
748 958 919 993 industriae
934 971 946 998 ς

167 1007 394 1051 (ἶιιηᾶοεεῃιε
409 1019 480 1051 prae
494 1009 527 1040 se
544 1008 755 1051 despiciebat
768 1008 930 1043 Anseres.

169 1056 236 1088 Sed
250 1067 339 1088 unus
357 1056 483 1100 aliquis
501 1056 660 1090 anserino
677 1058 718 1089 de
735 1067 860 1102 grege:

169 1104 362 1149 Magnifica
373 1131 383 1145 ,
398 1105 487 1137 dixit
501 1130 510 1145 ‚
524 1106 630 1138 verba
646 1106 877 1149 nequicquam
890 1102 972 1146 jacis
987 1116 998 1139 ε

169 1154 266 1186 Cane
282 1152 391 1186 modi)
409 1165 417 1186 ε
436 1153 465 1186 si
479 1153 563 1197 quid
577 1153 788 1186 audierimus
799 1180 808 1194 ‚
825 1154 920 1198 quod
933 1162 1002 1187 tuae

168 1201 343 1234 Videatur
358 1200 425 1234 effe
440 1202 634 1235 consonum
647 1201 817 1243 jactantiae
827 1227 839 1243 ‚

169 1249 319 1283 Causam
333 1249 507 1282 obtinebis
523 1262 533 1287 ·,
549 1250 672 1283 feceris
690 1250 822 1283 cunctis
837 1249 956 1285 fidem.

171 1299 238 1331 His
252 1297 423 1331 excitatus
440 1297 475 1330 se
491 1299 532 1330 ad
548 1300 741 1332 canendum
757 1298 920 1342 protinus

171 1347 271 1379 Parat
290 1347 453 1390 superbus
468 1347 576 1379 Anser
591 1360 599 1381 ε
616 1347 740 1391 incipit
755 1360 762 1380 :
782 1357 816 1380 at
831 1346 945 1380 statim
959 1359 969 1380 :

222 1442 354 1476 Frustra
367 1444 524 1477 laborant
534 1471 543 1486 ‚
557 1454 691 1488 partem
704 1454 743 1477 ut
759 1443 924 1488 arripiant
938 1440 1010 1478 sibi

173 1491 299 1526 Laudis
316 1491 456 1534 alienae,
469 1494 568 1526 laude
585 1493 646 1537 qui
658 1492 801 1536 propria
817 1501 948 1526 carent.
