1268 2361
0 184 5 270 ἓ

0 351 5 432 ἰ
60 366 64 370 .

10 0 53 38 '52³

207 84 443 130 LIBER
505 85 887 139 QUARTUS?
979 82 1055 146 83⁴·

313 162 1038 210 zn-mssssffi———ss—v,

206 256 238 300 F
267 254 307 299 A
337 255 370 300 B
405 255 451 300 U
482 254 518 299 L
545 253 586 299 A
667 253 714 300 X
745 257 764 301 I
793 257 810 303 I
841 257 874 303 Ι.

310 350 505 416 Rusticus
526 347 568 395 δ’
586 350 767 396 Asinus.

48 172 84 211 [e

52 423 102 503 S
113 476 139 500 υ
153 474 177 500 Α
195 475 378 512 gravatum
394 463 551 505 sarcina,
571 465 741 509 quantum
758 466 839 501 satis

44 515 201 551 Debebat
217 513 307 554 effe
325 515 447 560 agebat
463 513 611 547 Asinum
628 513 803 550 Rusticus.

43 559 133 598 Cum
151 573 307 609 carperet
323 563 389 596 iter
402 574 464 608 per
478 563 687 596 frutetosum
704 565 849 600 locum:

43 613 123 648 Nisi
137 614 262 654 fallor,
276 613 416 658 inquit,
429 612 513 645 hinc
528 623 639 657 prope
656 608 786 646 adstant
799 626 843 648 en
859 614 945 650 mihi

4 687 6 697 s
43 661 229 708 virgulta,
245 662 345 696 vario
362 672 439 705 quae
455 660 521 694 effe
535 661 675 704 possint
691 662 791 696 usui:

4 744 6 750 ,
43 710 161 745 Meam
179 712 237 744 illa
253 709 346 744 certe
360 710 490 744 faciunt
507 711 547 743 ad
564 709 764 753 cupidinem
779 724 789 749 ·,

4 756 7 762 ⁸
44 760 240 804 Decerpere
253 759 361 804 igitur
373 758 440 792 effe
456 769 572 802 operae
589 759 741 803 pretium
758 770 858 804 puto.

45 807 144 850 ohe,
160 804 295 849 resiste,
309 809 414 841 harde
430 821 437 842 :
453 807 488 841 id
501 807 617 841 oneris
635 808 788 842 additum

5 869 7 877 ’
23 854 31 865 ’
42 857 144 893 Feres
156 883 164 898 ‚
181 868 243 891 nec
258 883 267 899 ,
283 857 414 901 opinor
429 883 438 898 ‚
454 868 581 902 magno
598 856 826 892 incommodo
844 869 919 894 tuo.

43 905 183 940 Resistit
198 907 269 939 ille.
286 907 360 940 Nec
377 917 475 940 mora
491 932 501 947 ‚
516 906 717 950 imprudens
732 908 836 942 herus

43 954 206 1001 Virgulta
223 956 324 988 caedit
339 981 348 997 ‚
365 956 507 988 mundat
522 981 530 996 ,
547 965 641 999 aptat
655 982 664 996 ‚
681 957 822 1002 colligat
837 983 845 998 ,

42 1003 252 1049 Pondusque
267 1003 356 1047 justo
373 1004 520 1049 ponderi
536 1003 700 1046 adjiciens
718 1016 852 1039 novum
865 1033 874 1048 ,

42 1051 123 1088 Plus
135 1080 143 1095 ‚
159 1053 250 1087 ratio
266 1053 370 1098 quam
386 1053 477 1086 sinat
491 1079 501 1094 ‚
515 1053 615 1086 Asini
631 1054 771 1087 dorsum
788 1055 927 1099 premit.

42 1102 89 1135 At
103 1103 154 1136 sic
169 1113 287 1136 tamen
303 1113 383 1135 eum
400 1102 562 1147 progredi
577 1102 674 1135 viam
688 1104 813 1137 videns

43 1150 133 1185 Satis
149 1151 315 1196 expedito
332 1150 463 1184 inceffu
479 1178 487 1192 ‚
504 1151 672 1184 sarcinam
688 1162 788 1195 putat

42 1199 125 1233 Non
140 1199 206 1234 effe
222 1210 354 1233 tantam
366 1226 376 1240 ‚
388 1200 501 1241 major
516 1210 554 1232 ut
570 1199 789 1244 aliquantulo

6 1258 9 1271 ·’
41 1248 124 1282 Non
140 1249 199 1282 illa
214 1248 291 1283 fieri
308 1248 383 1282 sine
399 1248 557 1292 periculo
575 1259 690 1292 queat.

28 1295 212 1342 ,Lapidum
229 1309 313 1342 ergo
329 1297 419 1331 fort'e
436 1297 514 1330 cum
529 1296 634 1330 strues
649 1308 848 1333 occurreret

7 1344 9 1387 'j
41 1345 146 1381 Juxta
161 1347 258 1379 viam
276 1345 427 1390 seposita
443 1373 452 1387 ‚
469 1346 502 1378 &
518 1356 564 1378 ex
580 1345 650 1379 illis
665 1348 752 1380 duos

41 1393 188 1428 ‘Videret
199 1422 207 1436 ,
225 1395 285 1439 qui
301 1397 477 1438 placerent
494 1394 561 1427 sibi
574 1406 644 1439 prae
663 1397 786 1430 cereris
803 1410 811 1430 ε

15 1462 17 1464 ·
42 1443 154 1484 Stulte
168 1444 318 1478 facerem
330 1469 339 1485 ‚
356 1444 403 1477 ait
417 1469 425 1484 ‚
440 1443 490 1485 si,
507 1445 603 1488 quod
618 1443 741 1486 objicit
756 1445 844 1478 mihi

40 1492 193 1527 Fortuna
208 1503 279 1526 tam
293 1493 443 1538 benigna
454 1518 464 1533 ,
484 1492 698 1537 negligerem
714 1495 861 1528 honum.

41 1541 156 1586 Atque
171 1543 242 1575 duo
257 1542 414 1586 lapides,
431 1540 535 1575 facile
552 1553 642 1586 quos
659 1543 755 1576 tollit
769 1554 891 1577 manus
907 1569 916 1584 ‚

42 1589 267 1632 Quantillum
280 1589 326 1624 est
343 1590 483 1624 oneris.
475 1591 488 1615 ³
503 1591 592 1630 hos,
611 1591 645 1624 &
663 1591 774 1625 Asello
792 1592 860 1632 mi
877 1593 981 1627 feres,

31 1637 211 1672 .Officium
226 1638 321 1672 vires
338 1650 456 1694 prope
465 1639 646 1673 recusant:
661 1640 728 1673 fert
744 1651 863 1675 tamen

24 1726 27 1729 ,
42 1685 152 1721 Pecus
166 1687 323 1725 misella3
340 1687 422 1721 colli
411 1687 474 1733 git
490 1688 597 1721 etiam
613 1689 698 1722 brev
701 1700 738 1722 es

44 1735 107 1769 Sui
119 1736 255 1782 vigoris
271 1735 437 1781 reliquias
451 1761 460 1777 ,
475 1736 509 1768 ὅ(
525 1737 639 1770 exerit
652 1750 660 1771 ς

42 1783 97 1818 Ita
113 1795 153 1818 ut
169 1785 316 1818 miretur
327 1811 336 1824 ‚
350 1786 566 1830 gaudeatque
583 1785 741 1820 Rusticus
758 1812 767 1827 ‚

42 1832 191 1867 Asinum
208 1834 274 1868 sibi
289 1833 355 1867 effe
372 1836 475 1867 talem
489 1860 498 1875 ‚
515 1845 618 1878 quem
636 1837 752 1868 nullus
765 1836 870 1868 labor

10 1919 11 1922 ,
44 1881 216 1917 Debilitet
231 1895 239 1916 ε
257 1883 405 1928 cumque
423 1883 567 1928 gravior
583 1885 716 1917 nudum
733 1884 895 1917 incedere·

750 1932 844 1974 va
