<?xml version="1.0" encoding="UTF-8"?>
<!DOCTYPE html PUBLIC "-//W3C//DTD XHTML 1.0 Transitional//EN"
    "http://www.w3.org/TR/xhtml1/DTD/xhtml1-transitional.dtd">
<html xmlns="http://www.w3.org/1999/xhtml" xml:lang="en" lang="en">
 <head>
  <title>
</title>
<meta http-equiv="Content-Type" content="text/html;charset=utf-8" />
  <meta name='ocr-system' content='tesseract 3.04.00' />
  <meta name='ocr-capabilities' content='ocr_page ocr_carea ocr_par ocr_line ocrx_word'/>
</head>
<body>
  <div class='ocr_page' id='page_1' title='image "./fabulaeaesopiaec00desbuoft_0444.png"; bbox 0 0 1225 2367; ppageno 0'>
   <div class='ocr_carea' id='block_1_1' title="bbox 112 127 876 182">
    <p class='ocr_par' dir='ltr' id='par_1_1' title="bbox 112 127 876 182">
     <span class='ocr_line' id='line_1_1' title="bbox 112 127 876 182; baseline 0.001 -8"><span class='ocrx_word' id='word_1_1' title='bbox 112 128 232 182; x_wconf 65' lang='lat'>:2400</span> <span class='ocrx_word' id='word_1_2' title='bbox 393 127 876 177; x_wconf 70' lang='lat' dir='ltr'><em>SENTE&#39;NTIAE.</em></span> 
     </span>
    </p>
   </div>
   <div class='ocr_carea' id='block_1_2' title="bbox 131 205 1099 307">
    <p class='ocr_par' dir='ltr' id='par_1_2' title="bbox 131 205 1099 307">
     <span class='ocr_line' id='line_1_2' title="bbox 131 205 972 256; baseline 0.011 -18"><span class='ocrx_word' id='word_1_3' title='bbox 131 206 269 239; x_wconf 87' lang='lat' dir='ltr'>Dolum</span> <span class='ocrx_word' id='word_1_4' title='bbox 283 205 466 242; x_wconf 86' lang='lat' dir='ltr'>innocenti</span> <span class='ocrx_word' id='word_1_5' title='bbox 482 208 620 244; x_wconf 66' lang='lat' dir='ltr'>nefitere</span> <span class='ocrx_word' id='word_1_6' title='bbox 635 212 765 244; x_wconf 85' lang='lat' dir='ltr'>malum</span> <span class='ocrx_word' id='word_1_7' title='bbox 779 212 839 256; x_wconf 87' lang='lat' dir='ltr'>qui</span> <span class='ocrx_word' id='word_1_8' title='bbox 854 221 950 256; x_wconf 79' lang='lat' dir='ltr'>parat</span> <span class='ocrx_word' id='word_1_9' title='bbox 959 214 972 253; x_wconf 77' lang='lat'>‚&#39;</span> 
     </span>
     <span class='ocr_line' id='line_1_3' title="bbox 133 252 1099 307; baseline 0.009 -20"><span class='ocrx_word' id='word_1_10' title='bbox 133 252 289 307; x_wconf 85' lang='lat' dir='ltr'>Meliore</span> <span class='ocrx_word' id='word_1_11' title='bbox 305 255 360 298; x_wconf 82' lang='lat' dir='ltr'>jus</span> <span class='ocrx_word' id='word_1_12' title='bbox 374 256 421 290; x_wconf 90' lang='lat' dir='ltr'>est</span> <span class='ocrx_word' id='word_1_13' title='bbox 433 257 524 291; x_wconf 87' lang='lat' dir='ltr'>hunc</span> <span class='ocrx_word' id='word_1_14' title='bbox 538 259 682 292; x_wconf 87' lang='lat' dir='ltr'>refutari</span> <span class='ocrx_word' id='word_1_15' title='bbox 699 261 794 295; x_wconf 91' lang='lat' dir='ltr'>dolo.</span> <span class='ocrx_word' id='word_1_16' title='bbox 818 262 841 295; x_wconf 92' lang='lat' dir='ltr'>I.</span> <span class='ocrx_word' id='word_1_17' title='bbox 864 272 877 294; x_wconf 91' lang='lat'>1</span> <span class='ocrx_word' id='word_1_18' title='bbox 889 271 918 304; x_wconf 72' lang='grc' dir='ltr'>ς.</span> <span class='ocrx_word' id='word_1_19' title='bbox 931 260 961 305; x_wconf 75' lang='lat' dir='ltr'><em>fi</em></span> <span class='ocrx_word' id='word_1_20' title='bbox 980 262 1040 304; x_wconf 64' lang='lat'>33.⁴</span> <span class='ocrx_word' id='word_1_21' title='bbox 1097 273 1099 275; x_wconf 81' lang='grc'><strong>’</strong></span> 
     </span>
    </p>
   </div>
   <div class='ocr_carea' id='block_1_3' title="bbox 134 317 996 418">
    <p class='ocr_par' dir='ltr' id='par_1_3' title="bbox 134 317 996 418">
     <span class='ocr_line' id='line_1_4' title="bbox 134 317 886 367; baseline 0.012 -17"><span class='ocrx_word' id='word_1_22' title='bbox 134 317 234 351; x_wconf 89' lang='lat' dir='ltr'>Dum</span> <span class='ocrx_word' id='word_1_23' title='bbox 250 330 389 363; x_wconf 83' lang='lat' dir='ltr'>pompae</span> <span class='ocrx_word' id='word_1_24' title='bbox 406 320 519 356; x_wconf 84' lang='lat' dir='ltr'>inanis</span> <span class='ocrx_word' id='word_1_25' title='bbox 536 323 664 356; x_wconf 82' lang='lat' dir='ltr'>artifex</span> <span class='ocrx_word' id='word_1_26' title='bbox 679 325 863 358; x_wconf 85' lang='lat' dir='ltr'>extollitur</span> <span class='ocrx_word' id='word_1_27' title='bbox 877 351 886 367; x_wconf 88' lang='lat'>‚</span> 
     </span>
     <span class='ocr_line' id='line_1_5' title="bbox 135 364 996 418; baseline 0.01 -19"><span class='ocrx_word' id='word_1_28' title='bbox 135 364 234 400; x_wconf 87' lang='lat' dir='ltr'>Jacet</span> <span class='ocrx_word' id='word_1_29' title='bbox 254 367 410 402; x_wconf 79' lang='lat' dir='ltr'>miserias</span> <span class='ocrx_word' id='word_1_30' title='bbox 425 370 517 403; x_wconf 87' lang='lat' dir='ltr'>inter</span> <span class='ocrx_word' id='word_1_31' title='bbox 531 371 631 404; x_wconf 87' lang='lat' dir='ltr'>utilis</span> <span class='ocrx_word' id='word_1_32' title='bbox 647 372 753 406; x_wconf 82' lang='lat' dir='ltr'>faber.</span> <span class='ocrx_word' id='word_1_33' title='bbox 774 374 798 407; x_wconf 90' lang='lat' dir='ltr'>l.</span> <span class='ocrx_word' id='word_1_34' title='bbox 818 383 880 415; x_wconf 87' lang='lat'>12,</span> <span class='ocrx_word' id='word_1_35' title='bbox 889 373 920 418; x_wconf 79' lang='lat' dir='ltr'><em>fi</em></span> <span class='ocrx_word' id='word_1_36' title='bbox 939 383 996 414; x_wconf 89' lang='lat'>14.</span> 
     </span>
    </p>
   </div>
   <div class='ocr_carea' id='block_1_4' title="bbox 135 420 1117 564">
    <p class='ocr_par' dir='ltr' id='par_1_4' title="bbox 135 420 1117 564">
     <span class='ocr_line' id='line_1_6' title="bbox 135 420 1117 482; baseline 0.01 -19"><span class='ocrx_word' id='word_1_37' title='bbox 135 430 276 465; x_wconf 90' lang='lat' dir='ltr'>Durum</span> <span class='ocrx_word' id='word_1_38' title='bbox 289 442 408 467; x_wconf 88' lang='lat' dir='ltr'>torum</span> <span class='ocrx_word' id='word_1_39' title='bbox 424 433 568 469; x_wconf 85' lang='lat' dir='ltr'>diurnus</span> <span class='ocrx_word' id='word_1_40' title='bbox 585 436 745 470; x_wconf 79' lang='lat' dir='ltr'>emendat</span> <span class='ocrx_word' id='word_1_41' title='bbox 757 437 868 471; x_wconf 86' lang='lat' dir='ltr'>labor.</span> <span class='ocrx_word' id='word_1_42' title='bbox 884 438 908 472; x_wconf 90' lang='lat' dir='ltr'>l.</span> <span class='ocrx_word' id='word_1_43' title='bbox 929 447 973 471; x_wconf 89' lang='lat'>12</span> <span class='ocrx_word' id='word_1_44' title='bbox 987 462 997 479; x_wconf 92' lang='lat'>,</span> <span class='ocrx_word' id='word_1_45' title='bbox 1006 436 1037 482; x_wconf 78' lang='lat' dir='ltr'><em>fi</em></span> <span class='ocrx_word' id='word_1_46' title='bbox 1057 420 1117 478; x_wconf 59' lang='lat'>141</span> 
     </span>
     <span class='ocr_line' id='line_1_7' title="bbox 613 524 660 564; baseline 0 0"><span class='ocrx_word' id='word_1_47' title='bbox 613 524 660 564; x_wconf 87' lang='lat' dir='ltr'>E.</span> 
     </span>
    </p>
   </div>
   <div class='ocr_carea' id='block_1_5' title="bbox 135 590 1124 668">
    <p class='ocr_par' dir='ltr' id='par_1_5' title="bbox 135 590 1124 668">
     <span class='ocr_line' id='line_1_8' title="bbox 135 590 1124 668; baseline 0.006 -16"><span class='ocrx_word' id='word_1_48' title='bbox 135 590 215 654; x_wconf 84' lang='grc' dir='ltr'>Εὸ</span> <span class='ocrx_word' id='word_1_49' title='bbox 228 619 275 653; x_wconf 88' lang='lat' dir='ltr'>est</span> <span class='ocrx_word' id='word_1_50' title='bbox 291 621 478 655; x_wconf 80' lang='lat' dir='ltr'>nocentior</span> <span class='ocrx_word' id='word_1_51' title='bbox 490 621 540 656; x_wconf 87' lang='lat' dir='ltr'>ira</span> <span class='ocrx_word' id='word_1_52' title='bbox 551 649 561 664; x_wconf 89' lang='lat'>‚</span> <span class='ocrx_word' id='word_1_53' title='bbox 576 622 648 668; x_wconf 75' lang='lat' dir='ltr'>quo</span> <span class='ocrx_word' id='word_1_54' title='bbox 662 624 710 658; x_wconf 91' lang='lat' dir='ltr'>est</span> <span class='ocrx_word' id='word_1_55' title='bbox 722 623 907 659; x_wconf 84' lang='lat' dir='ltr'>occultior.</span> <span class='ocrx_word' id='word_1_56' title='bbox 921 624 946 658; x_wconf 90' lang='lat' dir='ltr'>l.</span> <span class='ocrx_word' id='word_1_57' title='bbox 960 624 1053 668; x_wconf 81' lang='lat' dir='ltr'>13,f.</span> <span class='ocrx_word' id='word_1_58' title='bbox 1067 633 1124 665; x_wconf 69' lang='grc' dir='ltr'>ιγ.</span> 
     </span>
    </p>
   </div>
   <div class='ocr_carea' id='block_1_6' title="bbox 137 685 1154 782">
    <p class='ocr_par' dir='ltr' id='par_1_6' title="bbox 137 685 1154 782">
     <span class='ocr_line' id='line_1_9' title="bbox 137 685 890 730; baseline 0.007 -12"><span class='ocrx_word' id='word_1_59' title='bbox 137 685 275 729; x_wconf 88' lang='lat' dir='ltr'>Equum</span> <span class='ocrx_word' id='word_1_60' title='bbox 293 687 334 718; x_wconf 87' lang='lat' dir='ltr'>ad</span> <span class='ocrx_word' id='word_1_61' title='bbox 346 686 475 730; x_wconf 83' lang='lat' dir='ltr'>pericla</span> <span class='ocrx_word' id='word_1_62' title='bbox 490 687 617 721; x_wconf 85' lang='lat' dir='ltr'>Martis</span> <span class='ocrx_word' id='word_1_63' title='bbox 633 689 750 723; x_wconf 86' lang='lat' dir='ltr'>ornari</span> <span class='ocrx_word' id='word_1_64' title='bbox 766 690 890 723; x_wconf 90' lang='lat' dir='ltr'>videns</span> 
     </span>
     <span class='ocr_line' id='line_1_10' title="bbox 139 730 1154 782; baseline 0.006 -16"><span class='ocrx_word' id='word_1_65' title='bbox 139 733 271 767; x_wconf 87' lang='lat' dir='ltr'>Asinus</span> <span class='ocrx_word' id='word_1_66' title='bbox 282 747 290 767; x_wconf 94' lang='lat'><strong>:</strong></span> <span class='ocrx_word' id='word_1_67' title='bbox 301 735 369 767; x_wconf 92' lang='lat' dir='ltr'>Vel</span> <span class='ocrx_word' id='word_1_68' title='bbox 380 735 530 778; x_wconf 86' lang='lat' dir='ltr'>asinum,</span> <span class='ocrx_word' id='word_1_69' title='bbox 539 736 676 778; x_wconf 87' lang='lat' dir='ltr'>vivere,</span> <span class='ocrx_word' id='word_1_70' title='bbox 688 730 881 782; x_wconf 53' lang='lat' dir='ltr'>inquitsme</span> <span class='ocrx_word' id='word_1_71' title='bbox 891 737 1002 779; x_wconf 84' lang='lat' dir='ltr'>juvat.</span> <span class='ocrx_word' id='word_1_72' title='bbox 1014 737 1039 771; x_wconf 90' lang='lat' dir='ltr'>l.</span> <span class='ocrx_word' id='word_1_73' title='bbox 1054 744 1088 779; x_wconf 81' lang='lat'>3,</span> <span class='ocrx_word' id='word_1_74' title='bbox 1097 734 1128 780; x_wconf 83' lang='lat' dir='ltr'><strong><em>f</em></strong></span> <span class='ocrx_word' id='word_1_75' title='bbox 1139 744 1154 781; x_wconf 86' lang='lat'>3</span> 
     </span>
    </p>
   </div>
   <div class='ocr_carea' id='block_1_7' title="bbox 138 797 1178 894">
    <p class='ocr_par' dir='ltr' id='par_1_7' title="bbox 138 797 1178 894">
     <span class='ocr_line' id='line_1_11' title="bbox 138 797 1107 845; baseline 0.004 -15"><span class='ocrx_word' id='word_1_76' title='bbox 138 798 183 830; x_wconf 88' lang='lat' dir='ltr'>Et</span> <span class='ocrx_word' id='word_1_77' title='bbox 194 797 345 831; x_wconf 86' lang='lat' dir='ltr'>monstra</span> <span class='ocrx_word' id='word_1_78' title='bbox 358 824 368 840; x_wconf 83' lang='grc'>,</span> <span class='ocrx_word' id='word_1_79' title='bbox 386 799 420 832; x_wconf 90' lang='lat'>&amp;</span> <span class='ocrx_word' id='word_1_80' title='bbox 431 799 594 834; x_wconf 85' lang='lat' dir='ltr'>homines</span> <span class='ocrx_word' id='word_1_81' title='bbox 607 801 710 835; x_wconf 84' lang='lat' dir='ltr'>habet</span> <span class='ocrx_word' id='word_1_82' title='bbox 725 802 865 845; x_wconf 83' lang='lat' dir='ltr'>Europa</span> <span class='ocrx_word' id='word_1_83' title='bbox 880 812 974 834; x_wconf 90' lang='lat' dir='ltr'>nunc</span> <span class='ocrx_word' id='word_1_84' title='bbox 987 801 1081 834; x_wconf 88' lang='lat' dir='ltr'>feros</span> <span class='ocrx_word' id='word_1_85' title='bbox 1096 825 1107 842; x_wconf 86' lang='lat'>‚</span> 
     </span>
     <span class='ocr_line' id='line_1_12' title="bbox 141 846 1178 894; baseline 0.007 -16"><span class='ocrx_word' id='word_1_86' title='bbox 141 846 244 879; x_wconf 89' lang='lat' dir='ltr'>Musa</span> <span class='ocrx_word' id='word_1_87' title='bbox 254 847 380 891; x_wconf 86' lang='lat' dir='ltr'>quibus</span> <span class='ocrx_word' id='word_1_88' title='bbox 395 848 511 882; x_wconf 92' lang='lat' dir='ltr'>omnis</span> <span class='ocrx_word' id='word_1_89' title='bbox 523 849 664 883; x_wconf 84' lang='lat' dir='ltr'>suavior</span> <span class='ocrx_word' id='word_1_90' title='bbox 676 850 784 884; x_wconf 84' lang='lat' dir='ltr'>bilem</span> <span class='ocrx_word' id='word_1_91' title='bbox 794 860 929 884; x_wconf 87' lang='lat' dir='ltr'>movet.</span> <span class='ocrx_word' id='word_1_92' title='bbox 940 851 964 884; x_wconf 83' lang='lat' dir='ltr'>l.</span> <span class='ocrx_word' id='word_1_93' title='bbox 979 850 1000 883; x_wconf 85' lang='grc'>6</span> <span class='ocrx_word' id='word_1_94' title='bbox 1011 851 1056 894; x_wconf 75' lang='lat' dir='ltr'>,fi</span> <span class='ocrx_word' id='word_1_95' title='bbox 1074 850 1133 885; x_wconf 83' lang='lat'>18.</span> <span class='ocrx_word' id='word_1_96' title='bbox 1175 871 1178 873; x_wconf 24' lang='grc' dir='ltr'><strong>Δ</strong></span> 
     </span>
    </p>
   </div>
   <div class='ocr_carea' id='block_1_8' title="bbox 138 910 1137 1007">
    <p class='ocr_par' dir='ltr' id='par_1_8' title="bbox 138 910 1137 1007">
     <span class='ocr_line' id='line_1_13' title="bbox 138 910 870 958; baseline 0.01 -16"><span class='ocrx_word' id='word_1_97' title='bbox 138 910 277 955; x_wconf 83' lang='lat' dir='ltr'>&#39;Exigua</span> <span class='ocrx_word' id='word_1_98' title='bbox 289 937 298 952; x_wconf 85' lang='lat'>‚</span> <span class='ocrx_word' id='word_1_99' title='bbox 312 911 410 946; x_wconf 78' lang='lat' dir='ltr'>certo</span> <span class='ocrx_word' id='word_1_100' title='bbox 429 924 504 958; x_wconf 85' lang='lat' dir='ltr'>quae</span> <span class='ocrx_word' id='word_1_101' title='bbox 522 924 619 949; x_wconf 88' lang='lat' dir='ltr'>tenes</span> <span class='ocrx_word' id='word_1_102' title='bbox 631 941 640 956; x_wconf 86' lang='lat'>,</span> <span class='ocrx_word' id='word_1_103' title='bbox 655 914 844 957; x_wconf 79' lang='lat' dir='ltr'>majoribus</span> <span class='ocrx_word' id='word_1_104' title='bbox 861 940 870 956; x_wconf 93' lang='lat'><strong>‚</strong></span> 
     </span>
     <span class='ocr_line' id='line_1_14' title="bbox 142 959 1137 1007; baseline 0.007 -16"><span class='ocrx_word' id='word_1_105' title='bbox 142 959 234 1001; x_wconf 84' lang='lat' dir='ltr'>Quae</span> <span class='ocrx_word' id='word_1_106' title='bbox 244 968 374 994; x_wconf 87' lang='lat' dir='ltr'>temere</span> <span class='ocrx_word' id='word_1_107' title='bbox 383 962 511 1004; x_wconf 80' lang='lat' dir='ltr'>speras,</span> <span class='ocrx_word' id='word_1_108' title='bbox 521 964 730 1007; x_wconf 63' lang='lat' dir='ltr'>praeferenda</span> <span class='ocrx_word' id='word_1_109' title='bbox 744 963 823 997; x_wconf 90' lang='lat' dir='ltr'>sunt</span> <span class='ocrx_word' id='word_1_110' title='bbox 831 964 934 997; x_wconf 85' lang='lat' dir='ltr'>bona.</span> <span class='ocrx_word' id='word_1_111' title='bbox 946 963 969 997; x_wconf 91' lang='lat' dir='ltr'>l.</span> <span class='ocrx_word' id='word_1_112' title='bbox 977 973 991 995; x_wconf 88' lang='lat'>1</span> <span class='ocrx_word' id='word_1_113' title='bbox 1002 972 1032 1005; x_wconf 85' lang='lat'>5,</span> <span class='ocrx_word' id='word_1_114' title='bbox 1038 961 1137 1007; x_wconf 70' lang='lat' dir='ltr'>f.21·&#39;</span> 
     </span>
    </p>
   </div>
   <div class='ocr_carea' id='block_1_9' title="bbox 142 1018 1018 1157">
    <p class='ocr_par' dir='ltr' id='par_1_9' title="bbox 142 1018 1018 1157">
     <span class='ocr_line' id='line_1_15' title="bbox 142 1018 1018 1073; baseline 0.003 -16"><span class='ocrx_word' id='word_1_115' title='bbox 142 1023 263 1059; x_wconf 85' lang='lat' dir='ltr'>Exitio</span> <span class='ocrx_word' id='word_1_116' title='bbox 277 1025 398 1060; x_wconf 88' lang='lat' dir='ltr'>multis</span> <span class='ocrx_word' id='word_1_117' title='bbox 407 1038 498 1061; x_wconf 87' lang='lat' dir='ltr'>vana</span> <span class='ocrx_word' id='word_1_118' title='bbox 508 1028 688 1073; x_wconf 81' lang='lat' dir='ltr'>garrulitas</span> <span class='ocrx_word' id='word_1_119' title='bbox 698 1027 778 1063; x_wconf 78' lang='lat' dir='ltr'>fuit.</span> <span class='ocrx_word' id='word_1_120' title='bbox 797 1028 821 1062; x_wconf 89' lang='lat' dir='ltr'>l.</span> <span class='ocrx_word' id='word_1_121' title='bbox 841 1035 880 1070; x_wconf 85' lang='lat'>13</span> <span class='ocrx_word' id='word_1_122' title='bbox 893 1026 941 1070; x_wconf 69' lang='lat' dir='ltr'>,fi</span> <span class='ocrx_word' id='word_1_123' title='bbox 959 1018 1018 1061; x_wconf 83' lang='lat'>26.</span> 
     </span>
     <span class='ocr_line' id='line_1_16' title="bbox 617 1118 663 1157; baseline 0 0"><span class='ocrx_word' id='word_1_124' title='bbox 617 1118 663 1157; x_wconf 91' lang='lat' dir='ltr'>F.</span> 
     </span>
    </p>
   </div>
   <div class='ocr_carea' id='block_1_10' title="bbox 142 1187 1174 1262">
    <p class='ocr_par' dir='ltr' id='par_1_10' title="bbox 142 1187 1174 1262">
     <span class='ocr_line' id='line_1_17' title="bbox 142 1187 1174 1262; baseline 0.003 -13"><span class='ocrx_word' id='word_1_125' title='bbox 142 1187 302 1250; x_wconf 78' lang='lat' dir='ltr'>FACIT</span> <span class='ocrx_word' id='word_1_126' title='bbox 315 1215 375 1250; x_wconf 91' lang='lat' dir='ltr'>ille</span> <span class='ocrx_word' id='word_1_127' title='bbox 389 1215 615 1262; x_wconf 87' lang='lat' dir='ltr'>multum,qui</span> <span class='ocrx_word' id='word_1_128' title='bbox 623 1216 706 1251; x_wconf 82' lang='lat' dir='ltr'>facit</span> <span class='ocrx_word' id='word_1_129' title='bbox 715 1215 863 1251; x_wconf 87' lang='lat' dir='ltr'>domino</span> <span class='ocrx_word' id='word_1_130' title='bbox 876 1214 969 1250; x_wconf 86' lang='lat' dir='ltr'>satis.</span> <span class='ocrx_word' id='word_1_131' title='bbox 982 1215 1006 1250; x_wconf 88' lang='lat' dir='ltr'>l.</span> <span class='ocrx_word' id='word_1_132' title='bbox 1019 1224 1034 1247; x_wconf 96' lang='lat'>1</span> <span class='ocrx_word' id='word_1_133' title='bbox 1044 1222 1057 1258; x_wconf 77' lang='grc' dir='ltr'><strong><em>ς</em></strong></span> <span class='ocrx_word' id='word_1_134' title='bbox 1066 1211 1108 1258; x_wconf 71' lang='lat' dir='ltr'>,fi</span> <span class='ocrx_word' id='word_1_135' title='bbox 1116 1215 1174 1252; x_wconf 79' lang='lat'>18·</span> 
     </span>
    </p>
   </div>
   <div class='ocr_carea' id='block_1_11' title="bbox 143 1280 1065 1374">
    <p class='ocr_par' dir='ltr' id='par_1_11' title="bbox 143 1280 1065 1374">
     <span class='ocr_line' id='line_1_18' title="bbox 143 1280 887 1326; baseline -0.003 -11"><span class='ocrx_word' id='word_1_136' title='bbox 143 1282 316 1315; x_wconf 80' lang='lat' dir='ltr'>Fervente</span> <span class='ocrx_word' id='word_1_137' title='bbox 330 1282 412 1314; x_wconf 89' lang='lat' dir='ltr'>dum</span> <span class='ocrx_word' id='word_1_138' title='bbox 423 1282 502 1314; x_wconf 83' lang='lat' dir='ltr'>vult</span> <span class='ocrx_word' id='word_1_139' title='bbox 514 1280 620 1314; x_wconf 84' lang='lat' dir='ltr'>Piscis</span> <span class='ocrx_word' id='word_1_140' title='bbox 635 1292 654 1315; x_wconf 86' lang='lat' dir='ltr'>e</span> <span class='ocrx_word' id='word_1_141' title='bbox 670 1280 839 1326; x_wconf 78' lang='lat' dir='ltr'>sartagine</span> <span class='ocrx_word' id='word_1_142' title='bbox 884 1320 887 1321; x_wconf 19' lang='lat'><em>⁷</em></span> 
     </span>
     <span class='ocr_line' id='line_1_19' title="bbox 144 1326 1065 1374; baseline -0.002 -11"><span class='ocrx_word' id='word_1_143' title='bbox 144 1329 315 1370; x_wconf 87' lang='lat' dir='ltr'>Resilire,</span> <span class='ocrx_word' id='word_1_144' title='bbox 330 1329 450 1363; x_wconf 59' lang='lat' dir='ltr'>frictus</span> <span class='ocrx_word' id='word_1_145' title='bbox 465 1340 508 1363; x_wconf 89' lang='lat' dir='ltr'>ne</span> <span class='ocrx_word' id='word_1_146' title='bbox 522 1339 640 1374; x_wconf 90' lang='lat' dir='ltr'>pereat</span> <span class='ocrx_word' id='word_1_147' title='bbox 651 1356 660 1371; x_wconf 93' lang='lat'>,</span> <span class='ocrx_word' id='word_1_148' title='bbox 673 1328 760 1364; x_wconf 86' lang='lat' dir='ltr'>affus</span> <span class='ocrx_word' id='word_1_149' title='bbox 774 1328 878 1373; x_wconf 86' lang='lat' dir='ltr'>perit.</span> <span class='ocrx_word' id='word_1_150' title='bbox 894 1329 918 1362; x_wconf 88' lang='lat' dir='ltr'>Z.</span> <span class='ocrx_word' id='word_1_151' title='bbox 934 1336 954 1369; x_wconf 89' lang='lat'>9</span> <span class='ocrx_word' id='word_1_152' title='bbox 966 1326 1014 1370; x_wconf 75' lang='lat' dir='ltr'>,fi</span> <span class='ocrx_word' id='word_1_153' title='bbox 1031 1336 1065 1361; x_wconf 86' lang='lat'>2.</span> 
     </span>
    </p>
   </div>
   <div class='ocr_carea' id='block_1_12' title="bbox 1137 0 1225 1879">
    <p class='ocr_par' dir='ltr' id='par_1_12' title="bbox 1137 0 1225 1879">
     <span class='ocr_line' id='line_1_20' title="bbox 1157 0 1225 918; baseline 0 -110"><span class='ocrx_word' id='word_1_154' title='bbox 1157 0 1225 918; x_wconf 95' lang='lat' dir='ltr'>    </span> 
     </span>
     <span class='ocr_line' id='line_1_21' title="bbox 1174 918 1225 1299; baseline 0 0"><span class='ocrx_word' id='word_1_155' title='bbox 1174 918 1225 1299; x_wconf 95' lang='lat' dir='ltr'>    </span> 
     </span>
     <span class='ocr_line' id='line_1_22' title="bbox 1137 1299 1225 1879; baseline 0 -274"><span class='ocrx_word' id='word_1_156' title='bbox 1137 1299 1225 1879; x_wconf 95' lang='lat' dir='ltr'>      </span> 
     </span>
    </p>
   </div>
   <div class='ocr_carea' id='block_1_13' title="bbox 144 1389 1110 1438">
    <p class='ocr_par' dir='ltr' id='par_1_13' title="bbox 144 1389 1110 1438">
     <span class='ocr_line' id='line_1_23' title="bbox 144 1389 1110 1438; baseline -0.003 -10"><span class='ocrx_word' id='word_1_157' title='bbox 144 1395 299 1428; x_wconf 88' lang='lat' dir='ltr'>Fortuna</span> <span class='ocrx_word' id='word_1_158' title='bbox 309 1404 412 1438; x_wconf 86' lang='lat' dir='ltr'>quem</span> <span class='ocrx_word' id='word_1_159' title='bbox 425 1393 576 1427; x_wconf 89' lang='lat' dir='ltr'>deseruit</span> <span class='ocrx_word' id='word_1_160' title='bbox 586 1419 595 1435; x_wconf 92' lang='lat'>‚</span> <span class='ocrx_word' id='word_1_161' title='bbox 606 1405 729 1427; x_wconf 90' lang='lat' dir='ltr'>omnes</span> <span class='ocrx_word' id='word_1_162' title='bbox 739 1393 910 1427; x_wconf 87' lang='lat' dir='ltr'>deserunt.</span> <span class='ocrx_word' id='word_1_163' title='bbox 925 1392 950 1425; x_wconf 86' lang='lat' dir='ltr'>l.</span> <span class='ocrx_word' id='word_1_164' title='bbox 965 1400 1008 1432; x_wconf 87' lang='lat'>14</span> <span class='ocrx_word' id='word_1_165' title='bbox 1018 1389 1061 1434; x_wconf 70' lang='lat' dir='ltr'>,fi</span> <span class='ocrx_word' id='word_1_166' title='bbox 1073 1399 1110 1432; x_wconf 91' lang='lat'>7.</span> 
     </span>
    </p>
   </div>
   <div class='ocr_carea' id='block_1_14' title="bbox 144 1457 1026 1550">
    <p class='ocr_par' dir='ltr' id='par_1_14' title="bbox 144 1457 1026 1550">
     <span class='ocr_line' id='line_1_24' title="bbox 144 1457 919 1499; baseline -0.003 -7"><span class='ocrx_word' id='word_1_167' title='bbox 144 1459 299 1492; x_wconf 86' lang='lat' dir='ltr'>Fortuna</span> <span class='ocrx_word' id='word_1_168' title='bbox 309 1457 387 1492; x_wconf 79' lang='lat' dir='ltr'>raro</span> <span class='ocrx_word' id='word_1_169' title='bbox 398 1484 407 1499; x_wconf 86' lang='lat'><strong>‚</strong></span> <span class='ocrx_word' id='word_1_170' title='bbox 422 1457 567 1492; x_wconf 86' lang='lat' dir='ltr'>summis</span> <span class='ocrx_word' id='word_1_171' title='bbox 582 1457 743 1499; x_wconf 79' lang='lat' dir='ltr'>injiciens</span> <span class='ocrx_word' id='word_1_172' title='bbox 757 1467 899 1490; x_wconf 90' lang='lat' dir='ltr'>manum</span> <span class='ocrx_word' id='word_1_173' title='bbox 909 1482 919 1498; x_wconf 86' lang='lat'>,</span> 
     </span>
     <span class='ocr_line' id='line_1_25' title="bbox 145 1504 1026 1550; baseline -0.002 -10"><span class='ocrx_word' id='word_1_174' title='bbox 145 1508 309 1541; x_wconf 85' lang='lat' dir='ltr'>Fallitur:</span> <span class='ocrx_word' id='word_1_175' title='bbox 321 1508 359 1540; x_wconf 88' lang='lat' dir='ltr'>in</span> <span class='ocrx_word' id='word_1_176' title='bbox 371 1507 462 1540; x_wconf 85' lang='lat' dir='ltr'>imos</span> <span class='ocrx_word' id='word_1_177' title='bbox 472 1517 592 1539; x_wconf 84' lang='lat' dir='ltr'>manca</span> <span class='ocrx_word' id='word_1_178' title='bbox 601 1506 725 1550; x_wconf 85' lang='lat' dir='ltr'>saepius</span> <span class='ocrx_word' id='word_1_179' title='bbox 739 1505 820 1539; x_wconf 86' lang='lat' dir='ltr'>ruit.</span> <span class='ocrx_word' id='word_1_180' title='bbox 834 1506 858 1539; x_wconf 92' lang='lat' dir='ltr'>l.</span> <span class='ocrx_word' id='word_1_181' title='bbox 875 1515 896 1537; x_wconf 91' lang='lat'><em>2</em></span> <span class='ocrx_word' id='word_1_182' title='bbox 906 1530 915 1546; x_wconf 91' lang='lat'>,</span> <span class='ocrx_word' id='word_1_183' title='bbox 925 1504 954 1547; x_wconf 86' lang='lat' dir='ltr'>f.</span> <span class='ocrx_word' id='word_1_184' title='bbox 967 1513 1009 1544; x_wconf 89' lang='lat'>41</span> <span class='ocrx_word' id='word_1_185' title='bbox 1018 1528 1026 1538; x_wconf 91' lang='lat'><strong>.</strong></span> 
     </span>
    </p>
   </div>
   <div class='ocr_carea' id='block_1_15' title="bbox 141 1567 1128 1681">
    <p class='ocr_par' dir='ltr' id='par_1_15' title="bbox 141 1567 1128 1681">
     <span class='ocr_line' id='line_1_26' title="bbox 144 1567 1025 1614; baseline -0.002 -10"><span class='ocrx_word' id='word_1_186' title='bbox 144 1571 300 1605; x_wconf 70' lang='lat' dir='ltr'>Fortuna</span> <span class='ocrx_word' id='word_1_187' title='bbox 308 1571 408 1604; x_wconf 88' lang='lat' dir='ltr'>vivat</span> <span class='ocrx_word' id='word_1_188' title='bbox 419 1569 566 1614; x_wconf 89' lang='lat' dir='ltr'>quisque</span> <span class='ocrx_word' id='word_1_189' title='bbox 581 1580 765 1604; x_wconf 84' lang='lat' dir='ltr'>contentus</span> <span class='ocrx_word' id='word_1_190' title='bbox 775 1569 846 1604; x_wconf 69' lang='lat' dir='ltr'>sua.</span> <span class='ocrx_word' id='word_1_191' title='bbox 858 1570 881 1603; x_wconf 92' lang='lat' dir='ltr'>l.</span> <span class='ocrx_word' id='word_1_192' title='bbox 901 1577 916 1611; x_wconf 87' lang='lat'><em>3</em></span> <span class='ocrx_word' id='word_1_193' title='bbox 930 1595 938 1610; x_wconf 95' lang='lat'>‚</span> <span class='ocrx_word' id='word_1_194' title='bbox 947 1567 977 1611; x_wconf 75' lang='lat' dir='ltr'><em>fi</em></span> <span class='ocrx_word' id='word_1_195' title='bbox 990 1578 1025 1609; x_wconf 94' lang='lat'>7.</span> 
     </span>
     <span class='ocr_line' id='line_1_27' title="bbox 141 1630 1128 1681; baseline -0.003 -11"><span class='ocrx_word' id='word_1_196' title='bbox 141 1634 324 1681; x_wconf 67' lang='lat' dir='ltr'>frugifero</span> <span class='ocrx_word' id='word_1_197' title='bbox 335 1634 371 1667; x_wconf 86' lang='lat' dir='ltr'>in</span> <span class='ocrx_word' id='word_1_198' title='bbox 378 1635 485 1668; x_wconf 88' lang='lat' dir='ltr'>horto</span> <span class='ocrx_word' id='word_1_199' title='bbox 496 1660 504 1675; x_wconf 91' lang='lat'><strong>‚</strong></span> <span class='ocrx_word' id='word_1_200' title='bbox 516 1646 592 1679; x_wconf 86' lang='lat' dir='ltr'>quae</span> <span class='ocrx_word' id='word_1_201' title='bbox 603 1634 690 1668; x_wconf 71' lang='lat' dir='ltr'>nihil</span> <span class='ocrx_word' id='word_1_202' title='bbox 699 1634 857 1679; x_wconf 86' lang='lat' dir='ltr'>prosunt,</span> <span class='ocrx_word' id='word_1_203' title='bbox 865 1641 1008 1669; x_wconf 85' lang='lat' dir='ltr'>nocent.</span> <span class='ocrx_word' id='word_1_204' title='bbox 1019 1632 1043 1667; x_wconf 89' lang='lat' dir='ltr'>l.</span> <span class='ocrx_word' id='word_1_205' title='bbox 1063 1640 1094 1675; x_wconf 84' lang='lat'>5,</span> <span class='ocrx_word' id='word_1_206' title='bbox 1099 1630 1128 1676; x_wconf 80' lang='lat' dir='ltr'><em>f</em></span> 
     </span>
    </p>
   </div>
   <div class='ocr_carea' id='block_1_16' title="bbox 147 1697 1128 1791">
    <p class='ocr_par' dir='ltr' id='par_1_16' title="bbox 147 1697 1128 1791">
     <span class='ocr_line' id='line_1_28' title="bbox 147 1697 930 1741; baseline -0.004 -8"><span class='ocrx_word' id='word_1_207' title='bbox 147 1699 280 1734; x_wconf 85' lang='lat' dir='ltr'>Frustra</span> <span class='ocrx_word' id='word_1_208' title='bbox 292 1700 448 1732; x_wconf 85' lang='lat' dir='ltr'>laborant</span> <span class='ocrx_word' id='word_1_209' title='bbox 459 1724 468 1739; x_wconf 91' lang='lat'>‚</span> <span class='ocrx_word' id='word_1_210' title='bbox 482 1708 616 1741; x_wconf 83' lang='lat' dir='ltr'>partem</span> <span class='ocrx_word' id='word_1_211' title='bbox 631 1708 670 1731; x_wconf 81' lang='lat' dir='ltr'>ut</span> <span class='ocrx_word' id='word_1_212' title='bbox 683 1697 851 1741; x_wconf 86' lang='lat' dir='ltr'>arripiant</span> <span class='ocrx_word' id='word_1_213' title='bbox 864 1697 930 1731; x_wconf 79' lang='lat' dir='ltr'>sibi</span> 
     </span>
     <span class='ocr_line' id='line_1_29' title="bbox 149 1744 1128 1791; baseline -0.001 -10"><span class='ocrx_word' id='word_1_214' title='bbox 149 1748 276 1782; x_wconf 87' lang='lat' dir='ltr'>Laudis</span> <span class='ocrx_word' id='word_1_215' title='bbox 290 1747 410 1781; x_wconf 83' lang='lat' dir='ltr'>alienae</span> <span class='ocrx_word' id='word_1_216' title='bbox 422 1773 430 1788; x_wconf 92' lang='lat'>,</span> <span class='ocrx_word' id='word_1_217' title='bbox 441 1748 540 1780; x_wconf 88' lang='lat' dir='ltr'>laude</span> <span class='ocrx_word' id='word_1_218' title='bbox 551 1747 611 1791; x_wconf 83' lang='lat' dir='ltr'>qui</span> <span class='ocrx_word' id='word_1_219' title='bbox 624 1746 768 1791; x_wconf 69' lang='lat' dir='ltr'>propria</span> <span class='ocrx_word' id='word_1_220' title='bbox 777 1755 904 1780; x_wconf 88' lang='lat' dir='ltr'>carent.</span> <span class='ocrx_word' id='word_1_221' title='bbox 916 1746 939 1779; x_wconf 84' lang='lat' dir='ltr'>l.</span> <span class='ocrx_word' id='word_1_222' title='bbox 955 1755 1016 1786; x_wconf 84' lang='lat'>14,</span> <span class='ocrx_word' id='word_1_223' title='bbox 1026 1744 1056 1788; x_wconf 76' lang='lat' dir='ltr'><em>fi</em></span> <span class='ocrx_word' id='word_1_224' title='bbox 1070 1754 1128 1787; x_wconf 88' lang='lat'>17.</span> 
     </span>
    </p>
   </div>
   <div class='ocr_carea' id='block_1_17' title="bbox 148 1809 1138 1856">
    <p class='ocr_par' dir='ltr' id='par_1_17' title="bbox 148 1809 1138 1856">
     <span class='ocr_line' id='line_1_30' title="bbox 148 1809 1138 1856; baseline -0.001 -8"><span class='ocrx_word' id='word_1_225' title='bbox 148 1811 284 1848; x_wconf 79' lang='lat' dir='ltr'>Frustra</span> <span class='ocrx_word' id='word_1_226' title='bbox 296 1811 417 1848; x_wconf 83' lang='lat' dir='ltr'>siletur</span> <span class='ocrx_word' id='word_1_227' title='bbox 425 1810 569 1853; x_wconf 85' lang='lat' dir='ltr'>facinus,</span> <span class='ocrx_word' id='word_1_228' title='bbox 578 1810 639 1845; x_wconf 90' lang='lat' dir='ltr'>ubi</span> <span class='ocrx_word' id='word_1_229' title='bbox 650 1811 813 1846; x_wconf 84' lang='lat' dir='ltr'>damnum</span> <span class='ocrx_word' id='word_1_230' title='bbox 823 1819 931 1856; x_wconf 84' lang='lat' dir='ltr'>patet.</span> <span class='ocrx_word' id='word_1_231' title='bbox 944 1810 966 1846; x_wconf 84' lang='lat' dir='ltr'>l.</span> <span class='ocrx_word' id='word_1_232' title='bbox 983 1820 996 1844; x_wconf 88' lang='lat'>1</span> <span class='ocrx_word' id='word_1_233' title='bbox 1008 1819 1019 1854; x_wconf 84' lang='lat'>5</span> <span class='ocrx_word' id='word_1_234' title='bbox 1029 1809 1070 1853; x_wconf 74' lang='lat' dir='ltr'>,fi</span> <span class='ocrx_word' id='word_1_235' title='bbox 1078 1818 1138 1847; x_wconf 72' lang='lat'>22·</span> 
     </span>
    </p>
   </div>
   <div class='ocr_carea' id='block_1_18' title="bbox 1137 1726 1156 1745">
    <p class='ocr_par' dir='ltr' id='par_1_18' title="bbox 1137 1726 1156 1745">
     <span class='ocr_line' id='line_1_31' title="bbox 1137 1726 1156 1745; baseline 0 0"><span class='ocrx_word' id='word_1_236' title='bbox 1137 1726 1156 1745; x_wconf 64' lang='lat' dir='ltr'>Q·</span> 
     </span>
    </p>
   </div>
  </div>
 </body>
</html>
