1268 2361
5 0 51 14 μιν

277 116 852 161 PRAEFATIO.
931 136 1059 163 xxxv

72 195 272 241 pariterque
287 223 296 237 ‚
323 210 408 242 quas
431 210 483 231 res
508 198 664 231 invicem
686 199 825 232 anna-eti
846 200 933 233 velit

72 261 203 306 Arguta
224 261 313 294 ratio
329 287 337 302 ‚
360 262 484 306 visque
507 261 628 304 judicii
651 273 777 306 potens
796 290 804 304 ‚

28 344 33 348 -
72 325 218 371 Egregie
241 327 345 359 calles
363 338 373 364 ·‚
397 326 431 359 &
453 327 544 359 bona
566 327 787 360 reconditum

73 391 142 424 Sub
163 401 280 424 mente
303 389 437 434 gustum
457 390 568 423 laudis
594 391 772 434 utriusque
794 390 933 426 obtines
951 404 962 430 3

73 457 240 500 Idemque
256 480 265 496 ,
293 455 394 498 spero
414 480 426 495 ,
446 454 548 489 facile
570 465 708 488 mecum
732 455 855 489 sentiet
873 483 881 497 ‚

73 520 298 564 Quicumque
319 519 427 553 libros
448 521 564 564 legere
585 520 700 553 suevit
723 520 880 565 optimos
899 534 907 556 :

72 585 186 631 Regni
211 597 272 630 per
294 596 417 618 omnes
441 584 588 618 literarii
609 586 727 629 plagas

74 651 163 684 Tam
184 649 270 693 justa
291 650 391 683 famae
416 649 596 683 celebritas
618 650 658 682 de
680 660 714 683 te
734 649 833 695 viget
849 676 858 691 ‚

74 715 233 759 Tamque
255 714 438 754 diuturna,
468 724 506 746 ut
527 713 557 746 is
579 712 650 747 fere
675 714 842 747 convicio

72 780 288 825 Adurgeatur
304 805 313 820 ‚
347 778 407 823 qui
433 778 595 824 refragari
621 779 722 813 velit.

123 910 180 945 JA
194 919 228 943 M
249 908 337 943 verb
360 908 395 941 id
416 919 521 942 omne
543 907 710 952 quidquid
732 907 778 941 est
800 909 995 944 munusculi

76 976 127 1010 Ut
148 974 338 1018 iudicarem
360 985 434 1007 non
454 973 517 1007 tibi
538 973 712 1018 ingratum
734 974 808 1006 fore
825 1000 834 1015 ,

77 1041 153 1074 Tua
174 1038 359 1085 singularis
381 1037 520 1071 induxit
546 1049 601 1070 me
622 1038 845 1072 humanitas:

77 1105 183 1138 Amas
204 1104 391 1147 rependere
414 1102 576 1136 omnibus
597 1102 765 1136 videlicet

78 1168 207 1203 Officia
231 1167 382 1202 liberalis
408 1166 632 1211 indulgentiae
650 1191 660 1206 ‚

80 1232 328 1276 Censoriaeque
351 1231 497 1276 virgulae
523 1229 789 1263 amaritudinem

79 1297 252 1332 Adhibere
275 1306 454 1341 nunquam
472 1320 481 1336 ,
504 1294 574 1328 nisi
595 1293 791 1338 perinvitus
807 1320 816 1336 ‚
839 1295 942 1331 soles.
