1268 2361
0 0 6 80 l

0 108 5 190 L
203 115 437 162 LIBER
500 130 878 175 QUARTUS.
973 142 1029 191 75

0 191 4 248 l
67 198 768 245 Q=Qoessez=

1004 222 1025 244 j·

247 284 277 327 F
311 285 353 328 A
389 284 421 328 B
458 285 502 330 U
538 286 572 330 L
608 286 647 330 A
744 290 762 334 I
796 291 829 334 Ι.

191 378 303 439 Puer
327 414 342 434 ,
394 377 436 423 δ’
478 378 622 444 Paffir
650 383 877 444 fugitivus.

43 447 139 528 PR
151 500 176 523 A
190 501 215 523 v
228 501 253 524 A
267 501 300 524 Μ
316 519 325 533 ,
344 494 540 539 malamque
559 494 702 529 Passeris
720 497 846 544 ingrati
865 500 1020 537 indolem

40 539 198 573 Afflictus
219 541 307 574 olim
326 544 603 587 conquerebatur
619 544 726 587 Puer,

39 587 144 630 Quod
161 589 259 621 illum
277 601 477 635 quanquam
493 592 757 630 delicatioribus

40 635 139 670 Alere
156 638 287 670 solebat
302 664 310 677 ‚
329 639 402 683 ipse
419 640 592 682 nutritor,
609 642 694 676 cibis
707 669 717 683 ,

39 683 169 718 Tamen
185 697 202 718 a
221 686 254 719 se
272 687 382 720 abiret
397 688 581 733 fugitivus.
600 691 697 724 Dein
715 693 914 737 supplicans
934 709 942 729 t

39 731 225 767 Revertere
241 760 249 775 ,
266 735 335 776 ait,
352 736 502 770 amicule
520 738 567 770 mi
585 765 593 778 ,
611 750 787 775 revertere
802 754 812 780 3

38 781 243 815 Amaritudo
262 785 356 817 nulla
373 784 459 818 mihi
478 786 597 830 pestus
612 799 754 830 movet,

38 828 230 875 Pacemque
246 842 361 866 tecum
373 859 382 873 ,
398 834 427 866 si
445 836 630 869 reverteris
643 863 651 877 ‚
666 838 796 872 bonam

37 877 293 926 Redintegrabo
312 894 319 914 :
340 893 482 915 caveam
500 883 619 917 saltem
637 887 772 931 respice

35 925 163 960 Bellam
178 954 187 968 ,
204 929 374 963 nitentem
387 957 395 971 ,
414 943 519 976 quam
535 934 704 979 relinquis
721 949 728 969 :
747 948 830 970 num
850 939 938 973 nihil

36 974 149 1008 Habet
164 976 222 1010 illa
236 1003 245 1018 ‚
263 980 358 1022 quod
373 990 408 1012 te
424 992 589 1021 revocet.
608 994 648 1016 ac
665 986 782 1020 reddat
798 987 884 1021 mihi
899 991 912 1022 ,²

35 1021 98 1056 Ista
113 1024 301 1070 fugitivum
319 1028 435 1062 oratio
451 1028 518 1070 jam
536 1041 691 1075 coeperat

37 1070 173 1106 Mutare
184 1099 193 1114 ‚
210 1084 248 1107 ut
264 1074 347 1109 effet
362 1087 435 1110 non
451 1077 682 1114 inexorabilis
698 1094 707 1119 3
985 1076 994 1108 !

36 1120 80 1152 At
95 1120 170 1154 solo
186 1133 302 1156 caveae
320 1126 466 1159 nomine
483 1128 602 1161 audito
620 1131 752 1165 avolat.

81 1167 266 1205 Pulchrum
283 1172 350 1206 effe
365 1174 480 1208 fabula
497 1187 673 1210 carcerem
690 1181 822 1214 nullum
840 1183 980 1226 probat.

159 1276 180 1299 ·(
492 1264 886 1312 {Pte-‘A———y

204 1347 235 1392 F
270 1349 311 1392 A
345 1348 379 1393 B
415 1350 460 1394 U
495 1351 531 1396 L
565 1353 605 1397 A
702 1356 840 1402 III.

336 1444 708 1510 Pastor&Mare.

35 1508 156 1587 Pac
169 1563 196 1587 u
208 1563 234 1587 D
246 1565 268 1588 E
279 1565 295 1589 s
314 1556 392 1589 cum
408 1557 527 1603 egiffet
542 1559 658 1593 Pastor
672 1563 714 1595 ad
728 1562 810 1598 litus
827 1566 937 1600 Maris
953 1596 962 1610 ,

15 1614 17 1636 ι,
34 1598 234 1647 Undamque
250 1604 320 1636 leni
337 1616 492 1640 cerneret
507 1609 656 1651 pellaci&

16 1651 17 1654 ’
34 1645 211 1729 ἓὶάεηῐεηι
225 1678 234 1692 ,
252 1663 370 1686 amore
388 1665 588 1690 mercaturae
604 1668 724 1702 captus
740 1660 799 1694 est.

61 1698 216 1732 ecuniam
230 1711 313 1746 ergo
331 1701 474 1736 conficit
491 1716 498 1736 :
519 1707 650 1739 coemit
665 1719 770 1742 nuces
787 1722 794 1743 :

32 1743 180 1791 Navigio
195 1748 346 1793 imponit
363 1762 370 1783 :
386 1750 514 1785 solvit:
532 1754 650 1788 animo
665 1755 736 1797 jam
754 1768 876 1793 movet

33 1791 157 1838 Magna
172 1807 180 1830 z
196 1806 291 1830 tenet
305 1799 423 1832 altum.
442 1800 487 1832 At
502 1811 585 1835 ecce
600 1804 780 1848 tempestas
795 1808 901 1845 furit:

18 1840 19 1845 ’
33 1839 74 1873 Et
87 1841 164 1876 cum
178 1845 316 1879 veniret
329 1846 367 1879 in
381 1847 464 1881 vitae
481 1849 676 1892 periculum
691 1879 699 1893 ,

18 1896 19 1899 ’
33 1887 97 1923 Sua
110 1890 182 1937 ipse
196 1905 350 1930 moerens
366 1897 504 1944 cogitur
518 1897 556 1932 in
570 1898 695 1936 fluetus
711 1902 802 1937 bona

735 1951 814 1995 Dij
