1225 2367
198 104 287 151 174
353 92 507 139 ΕΑΒ.
539 95 1020 149 AESOPIARUM

197 186 222 209 ·ε

333 248 364 293 F
396 246 436 292 A
470 249 501 295 B
540 251 584 297 U
623 253 655 298 L
689 252 728 299 A
809 256 855 303 X
890 260 907 304 Ι
942 261 960 306 Ι
994 262 1028 309 Ι.

384 329 562 390 Agnus,
581 332 733 388 Canis,
757 332 799 381 δ’
821 341 983 397 Lupus·

195 380 245 458 S
257 433 279 457 τ
291 432 318 457 U
330 432 357 457 D
369 433 383 457 1
397 434 421 458 ο
433 434 451 459 s
464 435 488 459 A
508 435 617 461 mater
635 428 669 462 &
686 428 789 475 sagax
803 431 941 468 dederat
956 433 1049 471 Ovis

188 472 344 507 Fidelem
359 498 368 514 ‚
387 472 416 507 si
434 485 512 519 quis
528 486 694 521 umquam
711 478 818 521 alius,
839 482 971 517 Canem
987 483 1054 520 suo

191 519 378 555 Custodem
396 522 582 567 Agniculo.
600 525 684 560 Non
697 537 769 561 erat
785 529 844 563 ille
857 530 1004 568 belluius
1015 557 1026 576 ,

189 569 314 613 Neque
329 570 456 616 aliquis
469 583 560 607 unus
576 584 622 607 ex
638 573 680 608 iis
693 601 701 617 ,
717 576 777 621 qui
791 577 918 614 leniter

189 617 489 660 Adblandiuntur3
510 631 543 655 at
560 624 748 667 generosus
762 626 798 660 &
811 629 934 663 valens
945 654 955 671 ,

190 666 350 711 Acerque
362 694 371 709 ,
389 669 422 702 δι
439 680 563 704 omnes
582 671 662 716 qui,
676 673 779 708 ferox
793 675 901 711 hostis
913 703 922 720 ,
936 678 1041 725 lupos

190 716 312 760 Usque
328 718 502 752 allatraret
511 744 520 760 ‚
535 730 735 766 arceretque
748 724 903 769 longius.

240 764 401 799 Custodis
417 766 519 808 hujus
536 768 795 812 imprudentem
809 774 930 809 taeduit

188 814 381 847 Alumnum
397 828 406 853 ·‚
422 816 570 860 cumque
587 819 627 851 ab
641 819 751 863 ipsius
766 820 954 867 vigilantii

189 862 234 895 Se
251 861 450 898 vindicandi
465 867 690 901 occasionem
705 880 875 914 quaereret
885 898 895 913 ‚

188 910 308 955 Lupus
326 923 405 946 ecce
422 915 573 948 occurrit
584 942 592 956 ,
613 918 741 951 artibus
756 919 937 956 instrucrus
951 922 1053 958 malis

187 958 399 1003 Veterator,
413 963 525 997 tcCius
541 967 632 1008 pelle
647 967 758 1001 ovilla
772 980 782 1007 3
797 969 858 1013 qui
874 971 969 1005 suam

188 1008 429 1044 Dissimulans
445 1023 573 1046 vocem
585 1040 594 1055 ‚
612 1015 662 1048 sic
677 1027 757 1049 eum
775 1019 965 1063 alloquitur
980 1019 1080 1065 prior
1095 1033 1108 1057 t
1152 1054 1155 1057 .

190 1057 282 1090 Mihi
300 1059 383 1093 Fors
399 1061 491 1094 bona
508 1063 603 1095 favet
614 1089 621 1103 ‚
637 1064 698 1108 qui
714 1075 747 1098 te
761 1066 875 1100 solum
889 1068 1108 1114 invenerim,

189 1106 349 1141 Amicule
364 1121 374 1147 3
389 1119 532 1153 operam
548 1110 617 1152 jam
634 1123 734 1147 antea
746 1115 809 1148 tibi
827 1127 941 1150 meam

187 1155 394 1200 Impendere
407 1159 529 1193 utilem
545 1185 554 1201 ,
571 1161 692 1196 animo
709 1163 975 1201 destinaveram.

187 1205 261 1238 Dic
277 1216 392 1240 autem
405 1233 413 1248 ‚
429 1210 551 1243 amabo
567 1222 575 1244 :
594 1211 677 1256 quid
692 1213 755 1246 tibi
772 1224 850 1247 cum
865 1214 926 1250 ista
940 1217 1054 1256 bellua

190 1253 295 1287 'Tristi
314 1256 347 1288 ὅ(
361 1256 480 1289 severa
493 1284 502 1298 ‚
519 1258 615 1300 cujus
631 1260 667 1294 in
683 1261 870 1296 custodiam

189 1302 242 1335 Te
258 1304 420 1337 traditum
435 1305 520 1347 effe,
536 1307 586 1341 sic
600 1311 802 1352 amabilem,
817 1312 920 1346 audio
935 1314 950 1347 ?

190 1351 398 1386 Moderator
411 1354 471 1387 ille
486 1355 533 1388 est
544 1382 553 1397 ,
568 1358 667 1392 chara
684 1371 788 1403 quem
801 1361 895 1394 dedit
908 1373 1031 1406 parens
1041 1389 1054 1406 ,

189 1400 385 1445 Respondit
397 1403 530 1448 Agnus.
550 1406 641 1440 Huic
655 1408 772 1452 Lupus
785 1410 905 1444 retulit
919 1423 926 1445 :
943 1413 1052 1447 Suum

187 1449 336 1494 Egregie
352 1453 530 1486 alumnum
545 1454 698 1490 instituet
712 1483 721 1497 ,
736 1458 827 1491 aliud
841 1459 901 1502 qui
915 1460 1023 1502 nihil,

190 1497 321 1531 Praeter
336 1501 480 1542 latrare,
493 1502 614 1536 didicit
629 1507 636 1538 !
653 1505 682 1537 si
699 1506 808 1539 credis
826 1507 913 1540 mihi
928 1533 937 1549 ,

190 1546 388 1582 Doaorem
404 1549 505 1583 sanus
519 1551 740 1586 invenustum
757 1555 904 1590 deseres.

191 1595 253 1629 Me
267 1597 409 1640 sequere
425 1611 432 1631 ε
448 1599 554 1632 disces
572 1601 749 1645 quidpiam
761 1630 770 1644 ,
785 1605 880 1647 quod
895 1603 941 1638 sit
957 1604 1068 1652 magis

188 1644 216 1677 E
232 1656 268 1677 re
282 1654 340 1679 tua
351 1672 359 1686 ,
375 1647 484 1691 magis
499 1649 603 1681 etiam
618 1652 750 1693 placeat
763 1652 839 1686 tibi.

239 1693 329 1737 Lupi
347 1696 505 1729 consiliis
519 1708 616 1741 paret
630 1701 750 1744 Agnus
768 1700 926 1745 perfidis:

190 1741 237 1774 At
252 1742 317 1775 vix
334 1754 478 1788 uterque
495 1747 698 1789 proximum
716 1749 888 1784 intrarunt
902 1761 1024 1784 nemus
1040 1777 1050 1793 ,

190 1790 372 1825 Comitem
389 1794 561 1827 misellum
575 1795 761 1842 strangulat
774 1798 902 1842 impius
917 1801 1020 1834 latro.

239 1839 357 1873 Bonus
375 1841 434 1874 ille
451 1841 562 1877 custos
573 1870 582 1885 ‚
596 1846 656 1888 qui
673 1847 813 1881 severus
829 1848 862 1880 ὅ(
878 1848 1007 1893 probus

189 1886 372 1933 propulsat
383 1916 392 1933 ,
409 1901 484 1928 non
499 1892 560 1939 qui
574 1893 716 1930 blandus
729 1895 897 1942 importat
913 1898 1059 1935 malum-0

455 192 564 208 -·--
487 205 559 210 ...-
571 178 1162 226 Qssffoefflffl-—fflzeaw
