1268 2361
164 124 334 168 LIBER
362 132 626 167 DECIMUS
665 132 944 176 QUINTUS.
987 135 1072 183 391

82 203 189 247 Quod
205 205 345 238 haberet
361 215 470 245 unus,
487 203 625 249 poffent
643 214 719 248 quae
737 203 911 236 convivio

81 251 244 286 Sufficere
256 279 264 294 ,
281 254 315 286 &
331 254 528 286 exsaturare
547 254 741 286 multorum
757 252 899 286 famem.

80 302 274 346 Respondit
288 302 347 336 ille
363 315 371 336 z
386 301 527 336 Falleris
546 313 556 340 ·,
574 312 654 334 nam
669 312 755 345 quas
774 311 861 344 opes

83 351 215 384 Mirare
226 376 236 392 ,
251 350 384 392 bajulus
399 352 461 384 has
475 361 542 395 ego
559 349 787 383 fidelissimus

81 399 166 432 Toti
181 399 320 433 familiae
337 399 566 432 distrahendas
584 399 703 432 defero
721 424 730 438 ‚

81 447 123 480 Et
139 449 262 492 sponte
277 449 407 481 tradam
422 473 431 489 ‚
452 448 485 481 ὀί
502 448 551 480 nil
569 447 752 480 reservabo
768 443 870 480 mihi.

129 496 380 530 suffarcinatos
392 523 401 538 ‚
419 507 456 529 ut
473 496 551 530 aliis
565 496 704 540 prosint
720 521 730 536 ‚
747 495 815 528 sibi

81 545 226 579 Inutiles
241 571 250 587 ,
266 546 392 579 fabella
408 545 569 579 dociores
586 553 699 578 notat.

213 650 233 675 ·(
914 646 938 672 5>-

468 639 680 688 W&—

248 721 280 765 F
314 722 354 766 A
392 720 425 765 B
462 720 505 765 U
541 719 577 764 L
615 720 655 764 A
722 718 769 764 X
804 720 839 765 L
876 720 908 765 Ι.

385 814 772 875 MuscabApis.

85 887 135 963 ἶ
147 939 172 963 Ν
189 928 277 963 flore
294 928 416 962 Musca
429 929 562 962 sederat
578 927 777 974 aliquandiu
788 954 798 969 ,

83 978 272 1022 Succisque
286 978 381 1010 vires
399 977 556 1011 dulcibus
573 978 760 1011 refecerat:

84 1027 152 1060 Sed
165 1027 246 1059 inde
259 1052 267 1067 ,
284 1028 431 1060 necdum
446 1027 576 1066 satura,
593 1026 671 1060 cum
686 1027 720 1059 se
736 1027 877 1059 tolleret
890 1050 901 1067 ‚

85 1074 302 1108 obscoenum
320 1075 459 1118 (honos
477 1075 523 1108 sit
539 1074 700 1116 auribus)
715 1073 839 1107 stercus
854 1073 957 1118 petit.

85 1123 202 1165 Quam
215 1122 306 1156 fort‘e
319 1149 327 1164 ‚
343 1125 382 1156 ab
397 1134 503 1167 opere
518 1124 598 1156 dum
613 1123 716 1164 redit,
737 1123 929 1167 adspiciens
941 1122 1028 1168 Apis
1042 1126 1055 1165 ,‘

84 1171 159 1215 Ipsi
174 1172 404 1216 exprobravit
415 1173 549 1206 foedum
563 1182 719 1205 amorem
732 1171 900 1206 sordium.

84 1221 131 1253 At
148 1220 228 1254 illa:
246 1220 342 1263 Quid
358 1231 452 1261 tum,
468 1220 517 1261 si,
538 1221 633 1264 quod
649 1219 686 1252 in
700 1230 822 1254 tenero
839 1219 919 1254 sinu

85 1268 257 1302 Pulchelli
273 1268 371 1302 floris
388 1268 542 1302 esuriens
558 1268 756 1312 inceperam
767 1294 777 1310 ‚

86 1317 243 1351 Absolvo
257 1317 295 1350 in
310 1317 374 1351 isto
390 1317 538 1351 stercore
551 1317 676 1362 pingui
691 1316 875 1361 prandium
890 1318 904 1352 ἓ

85 1365 202 1399 Placet
215 1365 315 1410 aeque
329 1366 501 1399 utrumvis
513 1391 523 1407 ‚
537 1367 620 1399 dum
634 1366 720 1399 mihi
734 1377 895 1399 ventrem
908 1364 1066 1410 impleat.

135 1415 272 1447 Fabella
289 1413 432 1448 stolidos
446 1416 487 1448 ad
503 1414 651 1448 le&ores
663 1415 816 1460 pertinet
826 1441 835 1455 ‚

87 1461 160 1505 Qui
173 1463 345 1496 Maevium
362 1464 454 1497 inter
471 1464 505 1496 ὅ(
518 1463 704 1497 Maronem
722 1464 772 1497 nil
787 1463 911 1498 vident
923 1487 934 1506 ,

86 1509 233 1557 Propter
249 1512 344 1557 quod
358 1513 445 1546 alter
460 1512 664 1557 praeferatur
679 1511 793 1548 alteri.

418 1660 742 1736 &W

794 1948 885 1984 Riv
