1225 2367
155 99 241 147 128
310 101 983 149 FAB.AEsoP1ARzsM

147 182 197 215 Ut
214 192 283 215 ova
300 193 439 216 centum
456 194 658 227 comparem
676 195 684 217 z
700 184 783 218 hinc
799 185 886 229 pulli
902 186 1016 220 tribus

148 230 261 264 Simul
278 243 297 265 a
316 230 467 265 Gallinis
484 233 714 267 excludentur
732 246 739 266 z
761 233 807 267 est
823 234 966 278 quidem

148 279 266 312 Astura
280 280 398 324 vulpis
415 293 425 319 ·,
442 282 569 314 horum
584 292 657 315 non
671 281 758 315 adeo
774 292 889 316 tamen

147 329 343 362 Numerum
361 330 552 371 diminuet,
569 340 608 363 ut
624 342 734 375 porco
749 331 909 364 nonssint
924 342 1024 376 pares

148 377 308 410 Emendo
323 391 330 411 ε
350 378 466 411 tenuis
483 389 622 423 emptus
639 379 686 412 est
702 390 831 423 porcus
848 380 937 414 mihi
952 393 962 419 ·,

149 425 350 471 Pinguescit
367 439 376 464 ·‚
392 426 530 472 jamque
548 429 697 461 multum
713 428 795 468 fecit
809 429 968 473 corporis
980 441 992 463 ε

150 476 328 508 venditur
342 487 351 513 3
368 476 566 521 emiturque
578 487 690 510 vacca
707 478 740 510 &
757 476 830 520 ejus
848 477 989 522 insuper

149 524 297 557 Vitulus
309 550 317 565 ,
337 525 373 557 in
389 536 477 559 arvo
495 526 554 570 qui
568 525 637 567 jam
653 526 803 559 exsultat
818 525 947 560 florido
962 552 970 561 .
983 551 991 562 .
1003 551 1013 563 .
1024 551 1037 563 .

149 574 241 614 Hic,
259 574 376 607 oneris
394 575 503 608 oblita
519 575 571 607 sui
583 601 591 615 ‚
610 575 735 620 gaudio
750 575 870 609 exsilit

151 622 271 656 Puella
283 649 291 663 ‚
308 623 455 667 spesque
474 635 553 656 cnm
566 625 653 657 laCIe
671 624 801 657 evertit
816 624 906 658 suas.

201 671 410 704 Mortalium
428 673 613 717 plerosque
630 673 752 706 fabella
767 673 841 705 haec
858 682 998 714 monet,

152 720 225 764 Qui
241 720 417 754 somniare
433 731 559 767 magna
572 721 760 767 vigilantes
777 722 904 757 solent.

284 817 1012 867 ss-wffwzgy-ff——ss——zw

314 909 690 956 FABULA
773 909 988 957 XIII.

410 1008 493 1052 Leo
522 1007 691 1052 Bellum
706 1023 884 1067 parans.

154 1081 219 1156 H}
237 1132 258 1155 E
271 1126 321 1155 L'L
334 1132 360 1155 U
373 1131 407 1154 Μ
423 1123 565 1166 parabat
581 1121 619 1154 in
635 1130 792 1155 exteram
808 1131 948 1168 gentem
963 1122 1060 1164 Leo3

153 1171 307 1215 E'jusque
324 1172 422 1216 regni
439 1171 588 1204 diversis
606 1183 624 1204 e
641 1171 796 1215 partibus

152 1221 231 1255 Jam
248 1221 354 1253 vari'ae
373 1222 413 1253 ad
429 1220 543 1264 ipsum
558 1221 682 1253 belluae
699 1229 940 1253 convenerant
952 1244 962 1260 ,

154 1270 243 1303 Rem
260 1280 474 1313 promovere
492 1278 595 1302 certae
613 1268 765 1302 consilio
780 1268 814 1301 ὅ(
830 1279 950 1303 manu.

152 1320 241 1352 Dux
257 1319 397 1351 monuit
412 1345 421 1359 ‚
436 1329 476 1351 ut
492 1318 628 1352 diversa
643 1317 726 1351 belli
743 1328 886 1350 munera
895 1338 908 1358 ν,

155 1369 245 1410 Quae
262 1367 497 1401 convenirent
513 1367 660 1413 singulis
676 1392 685 1405 ‚
699 1365 923 1411 capesserent.

156 1419 258 1450 Tunc
274 1418 363 1450 latos
380 1418 547 1450 humeros
564 1417 706 1460 elephas
724 1415 898 1448 ostentans
915 1414 995 1448 suos
1006 1440 1019 1456 ,

155 1466 370 1509 Vastamque
387 1465 482 1499 dorsi
499 1466 652 1509 pandens
669 1463 936 1507 amplitudinem
953 1475 965 1497 2

157 1516 231 1560 Ego
246 1541 254 1555 ‚
274 1514 391 1559 inquit
403 1540 411 1553 ‚
428 1525 571 1547 omnem
589 1512 760 1546 sarcinam
775 1538 785 1552 ‚
802 1523 925 1545 omnes
943 1511 1153 1557 machinas}

156 1564 427 1597 lustramentum
445 1574 550 1598 omne
567 1562 733 1595 bellicum
747 1561 852 1594 facile
870 1561 1004 1600 femur,

157 1614 231 1646 Nec
247 1624 303 1645 me
320 1612 513 1656 gravabunt
525 1638 534 1651 ,
552 1611 581 1644 si
599 1610 659 1655 qui
675 1620 842 1654 praeterea
856 1611 984 1642 volent

157 1662 287 1695 Nostro
304 1662 419 1694 sedere
435 1671 534 1705 tergo
549 1686 558 1702 ‚
574 1670 613 1693 ut
629 1669 785 1704 pugnent
802 1657 1004 1693 commode.

157 1711 233 1755 Ego
252 1709 492 1754 cataphrafius
509 1709 609 1741 miles
622 1734 630 1748 ,
648 1708 851 1741 rhinoceros
867 1707 914 1739 ait
928 1732 938 1747 ‚

160 1761 264 1793 Ultro
281 1759 422 1803 periclis
438 1758 564 1791 obvius
580 1784 588 1798 ,
604 1757 726 1790 feriam
744 1756 871 1797 simul,

159 1810 342 1853 Simulque
360 1807 534 1840 sustinebo
548 1806 689 1839 hostiles
705 1806 870 1849 impetm.

158 1857 335 1903 Lacefi‘ere
352 1856 485 1890 host-em
502 1855 663 1889 cominus
680 1881 688 1895 ‚
704 1865 821 1887 meum
839 1852 886 1886 est
901 1879 909 1893 ‚
925 1854 1030 1894 lupus

159 1906 340 1942 Exclamat
357 1918 367 1946 ·,
385 1907 504 1942 dentes
517 1904 587 1949 jam
603 1903 691 1938 mihi
708 1902 822 1939 exerti
839 1909 996 1946 crepant,
