1225 2367
135 175 225 218 124
288 160 440 202 [ΓΑΒ.
474 151 961 196 AESOPIARUM

399 230 835 278 =ffl5ffssss⁶²=

262 313 708 398 ‘FABULA
786 309 949 354 VII.

401 412 593 459 ,Marium
615 419 858 452 conventus.

138 256 164 280 <s

139 495 214 572 C
225 544 249 567 ο
263 543 277 567 1
291 542 312 565 E
324 541 350 564 R
361 540 382 563 E
401 529 524 562 Mures
534 551 544 566 ,
561 519 766 558 consulendi
781 517 891 564 gratia
906 543 916 558 ,

137 586 303 629 Quanam
320 589 392 614 arte
410 575 547 622 poss'ent
564 572 642 606 felis
655 597 662 608 .
681 571 716 603 in
733 578 874 614 gentem
889 566 985 599 suam

139 633 310 677 Quotidie
326 626 475 663 furentis
491 650 499 665 ‚
514 632 647 667 ungues
664 619 805 662 asperos

138 683 276 715 Vitare.
294 678 478 721 Postquam
495 674 610 716 plures
628 669 665 701 in
680 664 870 700 sententias

138 733 298 764 Incertus
314 726 399 760 abiit
416 732 529 756 coetus
545 717 658 752 studio
674 714 792 749 inutili
806 725 816 751 ·‚

139 782 297 813 Demum
310 785 399 808 unus
416 771 532 805 senior
543 794 552 809 ‚
567 767 635 800 alta
651 773 769 798 mente
785 772 859 795 rem
873 758 932 793 diu

142 828 336 862 Meditatus
352 836 359 856 :
377 823 488 854 Aures
500 845 508 858 ‚
526 815 644 860 iuquit
660 839 669 854 ‚
685 814 753 846 huc
769 808 939 843 advertite
954 818 963 840 :

144 878 280 911 Scelere
298 884 362 906 nos
379 868 488 904 hostis
505 865 725 900 fraudulento
740 858 894 905 perfidus

144 927 354 967 Plerumque
373 921 514 953 adortus
529 913 765 957 imprudentes
783 904 953 951 opprimit
967 915 976 937 τ

146 976 282 1008 Sonum
299 981 383 1014 ergo
400 967 430 1000 si
448 975 553 1010 quem
569 960 733 995 nuntium
747 955 916 990 adventus
931 952 986 986 sui

145 1024 213 1058 Pra
224 1021 341 1055 mittat
358 1018 416 1050 ille
433 1014 595 1055 deinceps
611 1037 619 1050 ,
634 1004 902 1042 admonebimur

148 1071 239 1105 Maii
253 1064 466 1114 propinqui,
485 1063 518 1095 ἃ
534 1062 652 1105 fugere
667 1055 862 1101 poterimus
879 1060 1018 1085 necem.

148 1122 377 1163 Quapropter
398 1113 472 1155 ejus
491 1111 585 1144 collo
602 1103 878 1140 tintinnabulum

146 1168 222 1203 Effe
239 1165 449 1210 alligandum
465 1159 602 1193 censeo.
621 1157 748 1199 Ingens
766 1149 928 1184 omnium

148 1219 217 1251 Hic
234 1214 322 1250 vero
339 1210 478 1257 plausus
495 1202 765 1250 approbantium
780 1199 858 1233 fuit.

151 1268 198 1300 At
215 1263 437 1308 postmodum
453 1266 572 1290 tamen
587 1263 676 1286 unus
692 1248 818 1292 aliquis
830 1244 972 1288 junior:

151 1315 243 1357 Quis
260 1309 367 1356 porro
385 1317 518 1341 certum
530 1330 538 1344 ‚
556 1301 633 1347 quis
650 1308 789 1344 paratus
806 1295 854 1329 est
867 1320 877 1335 ,
894 1293 942 1326 ait
956 1317 966 1332 ,

154 1364 258 1396 Adire
275 1370 340 1404 pro
357 1369 393 1390 re
409 1353 549 1400 publica
562 1350 755 1395 periculum
770 1348 782 1379 ?

154 1413 290 1445 Tacent
305 1435 314 1448 ‚
329 1412 543 1450 operamque
557 1398 731 1432 difficilem
747 1392 814 1426 effe
831 1387 997 1426 sentiunt.

204 1455 416 1492 Periculosis
433 1448 655 1485 consiliarius
668 1446 832 1487 frequens

154 1509 195 1542 ln
213 1508 315 1541 rebus
329 1502 438 1538 aderit
449 1527 458 1542 ‚
471 1499 657 1534 exsecutor
671 1503 744 1526 non
759 1492 857 1524 item.

526 1670 744 1764 2³05&
