1268 2361
145 126 352 171 LIBER
391 137 853 173 DUODEt'IMUs.
923 145 1007 192 29¹

23 206 124 242 Dum
139 206 189 241 sic
203 207 357 241 misellus
375 206 481 253 garrit
492 233 500 248 ‚
517 208 549 240 Sc
566 208 599 241 sc
613 208 743 252 decipit
755 235 764 249 ,

27 254 149 290 Homo
165 255 224 290 ille
241 256 394 299 placidus
410 256 537 289 missili
554 258 646 289 hunc
663 257 809 300 plumbo
826 268 937 293 necat.

77 304 209 349 Saepius
221 331 229 344 ‚
246 304 306 338 ubi
323 305 441 338 omnia
458 315 530 337 tuta
546 305 624 337 sunt
635 305 820 346 ‚homines
834 307 983 351 timent,

24 352 70 386 Et
85 353 119 386 se
129 378 138 395 ‚
154 351 214 387 ubi
228 353 382 386 timenda
396 352 475 386 sunt
490 353 607 386 omnia
620 380 629 395 ‚
646 364 742 387 tutos
759 365 896 399 putant.

155 442 886 496 ,(ἑΞ--ᾐὲἶζεέ--ῄ-ω,

142 528 499 574 'FABULA
557 529 898 589 XXVIII.

302 626 433 669 salix
460 626 498 669 6³
529 627 745 688 Agricola.

28 697 77 772 ἶ
90 747 114 771 N
132 739 224 772 valle
242 749 392 784 aquosa,
410 739 450 772 ad
465 739 644 773 humidam
661 740 903 787 pinguissimae

27 786 164 821 Paludis
181 799 279 820 oram
290 813 299 828 ,
318 789 433 820 adulta
449 790 615 821 vernabat
631 790 740 824 Salix.
758 818 766 832 ‚

27 835 122 869 Hinc
135 861 144 876 ‚
160 835 196 868 in
209 837 411 880 propinquo
428 847 549 870 monte
564 838 666 881 pinus
683 840 836 874 consitas

27 884 227 928 Suspiciens
240 911 250 926 ‚
269 885 346 918 cum
362 885 498 918 videret
512 885 553 918 ad
566 889 688 920 caelum
705 888 794 934 erigi

27 933 231 967 Verticibus
249 934 327 966 altis
345 935 447 966 ardua
464 933 555 967 inter
572 936 688 969 nubila
700 963 709 977 ‚

27 981 94 1015 His
112 981 270 1016 invidere
287 982 415 1026 coepit,
433 983 466 1016 &
483 983 612 1017 sortem
629 984 725 1018 suam

0 1046 1 1059 ι
26 1030 218 1074 Despicere
234 1043 243 1069 ·,
260 1031 410 1076 cumque
427 1032 588 1075 pauperis
607 1034 722 1067 cultor
737 1034 809 1068 loci

27 1079 109 1112 Huc
126 1078 321 1113 accessisset
332 1106 341 1120 ‚
355 1080 468 1124 ipsum
485 1081 610 1114 amaris
627 1081 802 1126 questibus

29 1127 184 1161 Incessit
201 1140 209 1160 :
228 1128 263 1160 in
279 1139 320 1161 ea
338 1128 372 1161 se
388 1130 551 1173 languere
566 1129 636 1171 jam
652 1131 711 1163 diu

29 1175 134 1209 Tristi
146 1202 154 1216 ‚
168 1176 334 1210 insalubri
347 1178 439 1210 valle
455 1190 462 1210 :
478 1179 685 1211 morituram
703 1180 825 1220 brevi,

28 1224 77 1258 Ni
94 1225 195 1258 citius
210 1251 219 1265 ‚
238 1236 282 1258 ex
299 1226 368 1259 hoc
381 1224 526 1258 humido
543 1237 668 1270 praeter
681 1229 827 1262 modum
840 1255 850 1270 ,

29 1273 218 1317 Nimisque
235 1274 382 1318 frigente
397 1274 473 1306 solo
490 1299 498 1314 ‚
515 1273 552 1306 in
569 1285 728 1308 montem
743 1278 941 1314 transferat.

30 1322 195 1367 Agricola
207 1321 318 1355 stultis
332 1348 341 1363 ,
354 1321 475 1355 stultus
494 1323 566 1365 ipse
577 1349 586 1363 ,
603 1324 719 1368 paruit

30 1369 196 1403 Precibus
211 1383 221 1408 ·‚
235 1373 483 1415 valentemque
499 1370 582 1404 licet
594 1398 603 1412 ‚
619 1372 773 1406 avulsam
789 1374 868 1409 solo

30 1418 169 1459 Natali,
185 1418 223 1451 in
239 1420 348 1452 altum
363 1419 532 1452 transtulit
546 1421 679 1454 montis
696 1421 830 1467 jugum.

30 1467 240 1511 Triumphat
253 1468 330 1508 illa,
346 1468 379 1501 se
394 1479 508 1501 carere
524 1467 593 1509 jam
610 1469 703 1512 putri

30 1516 192 1549 Humore
205 1541 214 1556 ‚
228 1527 292 1549 nec
306 1516 476 1549 bufonum
497 1517 653 1551 sordibus
670 1517 768 1552 infici
783 1544 794 1561 ,

32 1565 108 1598 Nec
123 1564 211 1597 affici
225 1575 384 1598 ranarum
400 1566 637 1600 contumeliis.

32 1612 222 1657 Aquilonis
239 1623 353 1646 autem
370 1613 516 1658 impulsa
531 1615 648 1658 primo
663 1614 807 1650 flamine

33 1660 211 1700 Deiicitur
222 1687 231 1701 ‚
246 1661 279 1694 &
293 1672 354 1705 per
369 1662 449 1695 saxa
463 1663 684 1708 praecipitans
702 1665 784 1698 ruit.

84 1710 217 1742 Fabella
235 1720 439 1743 commouet
452 1711 578 1744 humili
594 1722 696 1745 natos
713 1714 796 1746 loco
807 1739 817 1755 ‚

35 1758 89 1793 Ad
106 1758 192 1792 celsa
210 1769 252 1792 ne
268 1758 302 1792 se
317 1759 469 1792 culmina
486 1769 610 1803 optent
622 1761 739 1796 evehi.

759 1954 832 2001 Nij
