1225 2367
208 108 302 160 *168
371 115 518 158 ΓΑΒ.
552 111 1086 158 AESOPIARUM.

258 194 361 227 Hunc
376 194 490 228 fabula
507 204 628 227 monet
641 219 651 234 ‚
669 192 829 238 quisquis
846 193 942 229 atsto
956 195 991 229 se
1007 193 1095 230 sinit

204 241 356 278 'Temere
373 242 508 288 alligari
523 243 703 276 societatis
718 242 879 278 vinculo,

538 324 1059 383 m—fiffissaey.

359 435 390 479 F
425 435 466 478 A
502 434 535 479 B
580 434 626 479 U
672 433 706 478 L
742 431 783 476 A
864 433 909 479 V
947 433 965 478 Ι
1007 434 1041 479 Ι.

267 531 435 576 Asinus
458 531 492 573 S
495 530 659 596 oplzssae
687 528 906 588 cujusdam
923 533 1137 579 alumnus.

333 350 397 374 ,ρ-

207 601 258 680 S
270 655 294 679 ο
308 656 327 678 1²
339 654 391 689 HJ
404 655 419 679 s
431 655 454 679 T
467 655 500 679 AE
520 644 643 690 inepto
654 672 663 686 ‚
681 644 742 690 qui
757 643 827 679 suis
844 645 990 690 argutiis

200 694 304 738 Apud
320 696 503 739 popellum
522 696 556 727 ὅ(
569 695 687 728 futiles
704 695 928 728 mulierculas

200 743 333 776 'illustre
348 743 441 776 doffi
458 755 590 777 nomen
606 742 846 787 acquisiverat
857 768 869 784 ‚

200 792 354 833 Quidam
369 792 499 825 Asinus
517 803 661 837 operam
677 792 815 825 dederat
830 792 921 825 haud
936 790 1100 827 inutilem

198 839 320 874 Plures
334 852 395 884 per
412 851 522 874 annos
541 854 548 874 :
564 842 606 873 ad
620 842 738 874 beatas
755 839 907 885 denique

198 889 404 923 Dimittitur
421 901 507 933 opes
524 889 614 922 ruris
630 915 639 930 ,
653 889 715 922 ubi
736 889 838 923 molli
855 889 935 923 otio

198 937 357 972 Reficere
374 939 489 982 possit
501 965 509 980 ‚
527 938 757 983 dulcibusque
772 938 909 972 carduis
921 963 931 979 ,

197 986 359 1020 Fraetum
375 988 494 1020 labore
509 998 636 1031 corpus
648 1013 657 1028 ,
671 987 839 1021 emeritus
860 987 981 1023 seneX.

198 1036 244 1068 At
260 1036 318 1069 ille
331 1062 340 1077 ,
355 1036 492 1069 domini
510 1036 571 1080 qui
584 1036 636 1068 sui
653 1037 694 1068 ad
709 1036 931 1080 loquentiam

197 1084 474 1129 Industriamque
489 1084 702 1128 singularem
714 1085 851 1118 tamdiu

196 1134 367 1167 Animum
384 1133 579 1178 applicavit
595 1134 627 1166 ὅ(
643 1133 824 1167 facultates
838 1133 917 1167 suas

195 1182 362 1216 Asininas
380 1193 522 1223 omnes,
538 1181 713 1226 altiusque
726 1182 923 1215 recondidit

196 1233 424 1264 Documenta
440 1230 614 1264 mirabilia
628 1255 638 1271 ,
652 1230 815 1263 inertiam
831 1230 942 1275 fugit,

199 1282 372 1324 Ardetque
389 1291 480 1312 caeco
499 1290 618 1312 amore
632 1279 746 1312 laudis
761 1305 770 1320 ‚
787 1291 850 1312 nec
867 1277 981 1323 potest

195 1329 271 1362 Sibi
286 1338 482 1372 temperare
497 1354 506 1369 ‚
523 1327 610 1372 quin
625 1328 694 1361 suis
711 1328 907 1374 gregalibus
919 1353 928 1369 ,

194 1378 313 1420 Quam
329 1377 449 1410 didicit
465 1387 575 1410 artem
586 1403 594 1416 ‚
609 1378 723 1410 tradat
738 1378 828 1410 hanc
846 1378 880 1410 δε
895 1375 1068 1413 venditet.

195 1427 364 1472 Magnam
381 1437 465 1470 ergo
482 1425 668 1459 bestiarum
685 1426 947 1459 multitudinem
962 1451 971 1467 ‚

194 1477 300 1508 Nova
314 1474 515 1519 pollicendo
527 1499 537 1515 ‚
555 1473 592 1506 in
607 1474 817 1506 concionem
831 1483 1020 1509 convocat.

193 1524 349 1557 Primum
363 1523 486 1556 severo
502 1522 536 1555 se
550 1522 663 1555 induit
676 1521 763 1555 fastu
777 1522 931 1555 insolens
946 1547 957 1564 ‚

193 1571 513 1615 Reverentiamque
530 1570 688 1615 praecipit
704 1570 846 1604 silentio
862 1583 870 1605 :

194 1622 288 1654 Mox
307 1620 399 1654 rudit
413 1646 422 1660 ‚
440 1620 474 1652 &
490 1620 561 1652 oris
578 1619 738 1652 horrifici
756 1621 796 1653 ab
810 1620 886 1653 imo
903 1619 1010 1663 specu

193 1669 318 1703 Trudit
334 1668 551 1712 triumphans
563 1694 572 1709 ‚
587 1679 661 1712 quae
675 1668 747 1712 ipse
762 1679 835 1701 non
850 1668 1017 1712 intelligi-t
1030 1692 1042 1710 ,

192 1719 282 1761 Quae
298 1718 446 1762 proinde
459 1718 561 1750 turba
577 1717 743 1762 intelligit
759 1715 874 1751 multo
891 1716 1026 1757 minus,

191 1767 235 1800 Et
251 1793 260 1808 ‚
276 1777 421 1811 propter
436 1766 504 1800 hoc
520 1765 633 1810 ipsum
646 1792 654 1805 ‚
671 1766 858 1799 admiratur
870 1764 1038 1800 maxime.

192 1816 233 1849 In
247 1816 370 1859 primis
387 1815 484 1848 anser
499 1814 669 1848 attonitus
686 1815 810 1859 nequit
825 1814 906 1848 satis

193 1864 350 1898 Laudare
366 1864 446 1897 talis
462 1863 576 1897 hestiae
590 1863 770 1908 ingenium
782 1889 790 1904 ,
807 1874 918 1907 capax

189 1913 354 1949 Scientiae
372 1912 508 1956 omnis,
527 1924 605 1947 acre
617 1938 626 1954 ‚
641 1913 784 1954 subtile,
801 1913 946 1946 arduum
960 1923 972 1952 ⁴,
