<?xml version="1.0" encoding="UTF-8"?>
<!DOCTYPE html PUBLIC "-//W3C//DTD XHTML 1.0 Transitional//EN"
    "http://www.w3.org/TR/xhtml1/DTD/xhtml1-transitional.dtd">
<html xmlns="http://www.w3.org/1999/xhtml" xml:lang="en" lang="en">
 <head>
  <title>
</title>
<meta http-equiv="Content-Type" content="text/html;charset=utf-8" />
  <meta name='ocr-system' content='tesseract 3.04.00' />
  <meta name='ocr-capabilities' content='ocr_page ocr_carea ocr_par ocr_line ocrx_word'/>
</head>
<body>
  <div class='ocr_page' id='page_1' title='image "./fabulaeaesopiaec00desbuoft_0261.png"; bbox 0 0 1268 2361; ppageno 0'>
   <div class='ocr_carea' id='block_1_1' title="bbox 172 136 1018 205">
    <p class='ocr_par' dir='ltr' id='par_1_1' title="bbox 172 136 1018 205">
     <span class='ocr_line' id='line_1_1' title="bbox 172 136 1018 205; baseline 0.005 -20"><span class='ocrx_word' id='word_1_1' title='bbox 172 142 316 186; x_wconf 66' lang='lat' dir='ltr'>PAR.</span> <span class='ocrx_word' id='word_1_2' title='bbox 350 136 566 185; x_wconf 77' lang='lat' dir='ltr'>AEsoP.</span> <span class='ocrx_word' id='word_1_3' title='bbox 602 136 740 184; x_wconf 68' lang='lat' dir='ltr'>Lm.</span> <span class='ocrx_word' id='word_1_4' title='bbox 781 137 846 186; x_wconf 85' lang='lat' dir='ltr'>X.</span> <span class='ocrx_word' id='word_1_5' title='bbox 926 156 1018 205; x_wconf 89' lang='lat'>217</span> 
     </span>
    </p>
   </div>
   <div class='ocr_carea' id='block_1_2' title="bbox 0 218 1015 1971">
    <p class='ocr_par' dir='ltr' id='par_1_2' title="bbox 0 218 1015 1971">
     <span class='ocr_line' id='line_1_2' title="bbox 25 218 776 267; baseline -0.001 -11"><span class='ocrx_word' id='word_1_6' title='bbox 25 218 105 266; x_wconf 71' lang='lat' dir='ltr'>&lt;Qui</span> <span class='ocrx_word' id='word_1_7' title='bbox 122 232 255 267; x_wconf 85' lang='lat' dir='ltr'>gereret</span> <span class='ocrx_word' id='word_1_8' title='bbox 270 221 516 255; x_wconf 72' lang='lat' dir='ltr'>animos&#39;sorte</span> <span class='ocrx_word' id='word_1_9' title='bbox 532 220 682 263; x_wconf 82' lang='lat' dir='ltr'>majores</span> <span class='ocrx_word' id='word_1_10' title='bbox 696 222 755 255; x_wconf 77' lang='lat' dir='ltr'>sua</span> <span class='ocrx_word' id='word_1_11' title='bbox 766 249 776 263; x_wconf 89' lang='lat'>‚</span> 
     </span>
     <span class='ocr_line' id='line_1_3' title="bbox 25 269 933 311; baseline 0.004 -8"><span class='ocrx_word' id='word_1_12' title='bbox 25 269 178 304; x_wconf 71' lang='lat' dir='ltr'>Tristem</span> <span class='ocrx_word' id='word_1_13' title='bbox 189 297 198 311; x_wconf 86' lang='lat'>‚</span> <span class='ocrx_word' id='word_1_14' title='bbox 213 281 246 303; x_wconf 89' lang='lat' dir='ltr'>at</span> <span class='ocrx_word' id='word_1_15' title='bbox 263 271 450 304; x_wconf 79' lang='lat' dir='ltr'>verendam</span> <span class='ocrx_word' id='word_1_16' title='bbox 468 270 721 304; x_wconf 81' lang='lat' dir='ltr'>immanitatem</span> <span class='ocrx_word' id='word_1_17' title='bbox 740 283 813 305; x_wconf 89' lang='lat' dir='ltr'>non</span> <span class='ocrx_word' id='word_1_18' title='bbox 828 271 910 307; x_wconf 87' lang='lat' dir='ltr'>tulit</span> <span class='ocrx_word' id='word_1_19' title='bbox 921 284 933 308; x_wconf 74' lang='lat' dir='ltr'>t</span> 
     </span>
     <span class='ocr_line' id='line_1_4' title="bbox 32 318 802 365; baseline 0.003 -13"><span class='ocrx_word' id='word_1_20' title='bbox 32 318 193 352; x_wconf 88' lang='lat' dir='ltr'>Libertus</span> <span class='ocrx_word' id='word_1_21' title='bbox 205 345 214 360; x_wconf 84' lang='lat'>‚</span> <span class='ocrx_word' id='word_1_22' title='bbox 232 319 352 352; x_wconf 89' lang='lat' dir='ltr'>omnia</span> <span class='ocrx_word' id='word_1_23' title='bbox 367 318 458 352; x_wconf 78' lang='lat' dir='ltr'>forte</span> <span class='ocrx_word' id='word_1_24' title='bbox 476 320 631 365; x_wconf 79' lang='lat' dir='ltr'>nondum</span> <span class='ocrx_word' id='word_1_25' title='bbox 649 319 802 363; x_wconf 73' lang='lat' dir='ltr'>pristinaz</span> 
     </span>
     <span class='ocr_line' id='line_1_5' title="bbox 27 367 719 411; baseline 0.001 -11"><span class='ocrx_word' id='word_1_26' title='bbox 27 367 106 410; x_wconf 78' lang='lat' dir='ltr'>Qui</span> <span class='ocrx_word' id='word_1_27' title='bbox 119 367 298 402; x_wconf 78' lang='lat' dir='ltr'>servitutis</span> <span class='ocrx_word' id='word_1_28' title='bbox 314 378 517 411; x_wconf 81' lang='lat' dir='ltr'>argumenta</span> <span class='ocrx_word' id='word_1_29' title='bbox 534 368 695 401; x_wconf 85' lang='lat' dir='ltr'>amiserat</span> <span class='ocrx_word' id='word_1_30' title='bbox 710 395 719 408; x_wconf 88' lang='lat'>‚</span> 
     </span>
     <span class='ocr_line' id='line_1_6' title="bbox 26 414 733 460; baseline 0.003 -12"><span class='ocrx_word' id='word_1_31' title='bbox 26 414 111 449; x_wconf 70' lang='lat' dir='ltr'>Tali</span> <span class='ocrx_word' id='word_1_32' title='bbox 122 441 132 456; x_wconf 83' lang='lat'>,</span> <span class='ocrx_word' id='word_1_33' title='bbox 148 426 315 460; x_wconf 90' lang='lat' dir='ltr'>tantoque</span> <span class='ocrx_word' id='word_1_34' title='bbox 332 416 578 459; x_wconf 83' lang='lat' dir='ltr'>sempiternam</span> <span class='ocrx_word' id='word_1_35' title='bbox 594 416 733 450; x_wconf 89' lang='lat' dir='ltr'>inurere</span> 
     </span>
     <span class='ocr_line' id='line_1_7' title="bbox 28 463 725 505; baseline 0.001 -7"><span class='ocrx_word' id='word_1_36' title='bbox 28 463 161 505; x_wconf 69' lang='lat' dir='ltr'>Seiano</span> <span class='ocrx_word' id='word_1_37' title='bbox 175 464 337 498; x_wconf 71' lang='lat' dir='ltr'>Phaedrus</span> <span class='ocrx_word' id='word_1_38' title='bbox 354 466 454 497; x_wconf 87' lang='lat' dir='ltr'>ausus</span> <span class='ocrx_word' id='word_1_39' title='bbox 471 465 517 497; x_wconf 87' lang='lat' dir='ltr'>est</span> <span class='ocrx_word' id='word_1_40' title='bbox 534 465 725 500; x_wconf 78' lang='lat' dir='ltr'><strong>infamiam.</strong></span> 
     </span>
     <span class='ocr_line' id='line_1_8' title="bbox 40 512 951 560; baseline 0.007 -14"><span class='ocrx_word' id='word_1_41' title='bbox 40 548 41 553; x_wconf 51' lang='grc'>,</span> <span class='ocrx_word' id='word_1_42' title='bbox 81 513 174 546; x_wconf 86' lang='lat' dir='ltr'>Nam</span> <span class='ocrx_word' id='word_1_43' title='bbox 188 512 266 546; x_wconf 74' lang='lat' dir='ltr'>cum</span> <span class='ocrx_word' id='word_1_44' title='bbox 282 513 342 547; x_wconf 90' lang='lat' dir='ltr'>ille</span> <span class='ocrx_word' id='word_1_45' title='bbox 353 539 361 553; x_wconf 84' lang='lat'>‚</span> <span class='ocrx_word' id='word_1_46' title='bbox 376 512 485 546; x_wconf 72' lang='lat' dir='ltr'>fac&#39;tus</span> <span class='ocrx_word' id='word_1_47' title='bbox 502 514 540 546; x_wconf 81' lang='lat' dir='ltr'>in</span> <span class='ocrx_word' id='word_1_48' title='bbox 558 514 630 546; x_wconf 81' lang='lat' dir='ltr'>dies</span> <span class='ocrx_word' id='word_1_49' title='bbox 644 513 755 559; x_wconf 86' lang='lat' dir='ltr'>magis</span> <span class='ocrx_word' id='word_1_50' title='bbox 772 514 951 560; x_wconf 68' lang='lat' dir='ltr'>insolens,‘</span> 
     </span>
     <span class='ocr_line' id='line_1_9' title="bbox 28 559 781 605; baseline 0.001 -10"><span class='ocrx_word' id='word_1_51' title='bbox 28 559 109 600; x_wconf 69' lang='lat' dir='ltr'>sibi</span> <span class='ocrx_word' id='word_1_52' title='bbox 124 561 323 605; x_wconf 76' lang='lat' dir='ltr'>postulasset</span> <span class='ocrx_word' id='word_1_53' title='bbox 337 561 502 594; x_wconf 85' lang='lat' dir='ltr'>Liv-illam</span> <span class='ocrx_word' id='word_1_54' title='bbox 520 573 668 596; x_wconf 71' lang='lat' dir='ltr'>uxorem</span> <span class='ocrx_word' id='word_1_55' title='bbox 685 563 757 596; x_wconf 85' lang='lat' dir='ltr'>dari</span> <span class='ocrx_word' id='word_1_56' title='bbox 771 590 781 605; x_wconf 76' lang='lat'>,</span> 
     </span>
     <span class='ocr_line' id='line_1_10' title="bbox 33 609 690 651; baseline 0.003 -8"><span class='ocrx_word' id='word_1_57' title='bbox 33 609 199 643; x_wconf 86' lang='lat' dir='ltr'>Livillam</span> <span class='ocrx_word' id='word_1_58' title='bbox 215 610 324 644; x_wconf 88' lang='lat' dir='ltr'><strong>Drusi</strong></span> <span class='ocrx_word' id='word_1_59' title='bbox 340 609 449 643; x_wconf 88' lang='lat' dir='ltr'>filiam</span> <span class='ocrx_word' id='word_1_60' title='bbox 467 609 690 651; x_wconf 90' lang='lat' dir='ltr'>Germanici,</span> 
     </span>
     <span class='ocr_line' id='line_1_11' title="bbox 29 658 848 705; baseline 0.005 -13"><span class='ocrx_word' id='word_1_61' title='bbox 29 658 150 701; x_wconf 81' lang='lat' dir='ltr'>Quam</span> <span class='ocrx_word' id='word_1_62' title='bbox 167 659 289 692; x_wconf 90' lang='lat' dir='ltr'>deinde</span> <span class='ocrx_word' id='word_1_63' title='bbox 303 659 422 704; x_wconf 84' lang='lat' dir='ltr'>magni</span> <span class='ocrx_word' id='word_1_64' title='bbox 437 659 540 693; x_wconf 82' lang='lat' dir='ltr'>Caius</span> <span class='ocrx_word' id='word_1_65' title='bbox 558 659 702 705; x_wconf 83' lang='lat' dir='ltr'>Augusti</span> <span class='ocrx_word' id='word_1_66' title='bbox 715 671 848 705; x_wconf 82' lang='lat' dir='ltr'>nepos,</span> 
     </span>
     <span class='ocr_line' id='line_1_12' title="bbox 30 707 819 751; baseline 0.004 -11"><span class='ocrx_word' id='word_1_67' title='bbox 30 707 127 747; x_wconf 84' lang='lat' dir='ltr'>Mox</span> <span class='ocrx_word' id='word_1_68' title='bbox 141 708 276 741; x_wconf 79' lang='lat' dir='ltr'>Drusus</span> <span class='ocrx_word' id='word_1_69' title='bbox 289 707 397 741; x_wconf 81' lang='lat' dir='ltr'>etiam</span> <span class='ocrx_word' id='word_1_70' title='bbox 411 717 511 741; x_wconf 86' lang='lat' dir='ltr'>natus</span> <span class='ocrx_word' id='word_1_71' title='bbox 525 708 660 741; x_wconf 89' lang='lat' dir='ltr'>Tiberii</span> <span class='ocrx_word' id='word_1_72' title='bbox 675 709 798 743; x_wconf 88' lang='lat' dir='ltr'>unicus</span> <span class='ocrx_word' id='word_1_73' title='bbox 810 736 819 751; x_wconf 83' lang='grc'>,</span> 
     </span>
     <span class='ocr_line' id='line_1_13' title="bbox 33 756 810 802; baseline 0.004 -13"><span class='ocrx_word' id='word_1_74' title='bbox 33 756 157 790; x_wconf 76' lang='lat' dir='ltr'>Adhuc</span> <span class='ocrx_word' id='word_1_75' title='bbox 170 757 263 790; x_wconf 78' lang='lat' dir='ltr'>bona</span> <span class='ocrx_word' id='word_1_76' title='bbox 274 766 377 790; x_wconf 79' lang='lat' dir='ltr'>aetate</span> <span class='ocrx_word' id='word_1_77' title='bbox 389 782 398 797; x_wconf 93' lang='lat'>,</span> <span class='ocrx_word' id='word_1_78' title='bbox 414 756 557 790; x_wconf 83' lang='lat' dir='ltr'>viduam</span> <span class='ocrx_word' id='word_1_79' title='bbox 573 756 787 802; x_wconf 69' lang='lat' dir='ltr'>reliquerant</span> <span class='ocrx_word' id='word_1_80' title='bbox 801 771 810 791; x_wconf 89' lang='lat'><strong>:</strong></span> 
     </span>
     <span class='ocr_line' id='line_1_14' title="bbox 33 803 823 849; baseline 0.003 -11"><span class='ocrx_word' id='word_1_81' title='bbox 33 803 172 845; x_wconf 82' lang='lat' dir='ltr'>Rumor</span> <span class='ocrx_word' id='word_1_82' title='bbox 187 815 251 849; x_wconf 88' lang='lat' dir='ltr'>per</span> <span class='ocrx_word' id='word_1_83' title='bbox 264 805 387 839; x_wconf 87' lang='lat' dir='ltr'>urbem</span> <span class='ocrx_word' id='word_1_84' title='bbox 402 806 442 838; x_wconf 92' lang='lat' dir='ltr'>de</span> <span class='ocrx_word' id='word_1_85' title='bbox 458 807 553 838; x_wconf 90' lang='lat' dir='ltr'>malo</span> <span class='ocrx_word' id='word_1_86' title='bbox 568 804 672 846; x_wconf 76' lang='lat' dir='ltr'>hujus</span> <span class='ocrx_word' id='word_1_87' title='bbox 688 806 823 841; x_wconf 85' lang='lat' dir='ltr'>ambitu</span> 
     </span>
     <span class='ocr_line' id='line_1_15' title="bbox 33 852 706 898; baseline 0 -11"><span class='ocrx_word' id='word_1_88' title='bbox 33 853 286 888; x_wconf 82' lang='lat' dir='ltr'>Diffeminatus</span> <span class='ocrx_word' id='word_1_89' title='bbox 299 852 472 888; x_wconf 74' lang='lat' dir='ltr'>continuo</span> <span class='ocrx_word' id='word_1_90' title='bbox 489 854 685 898; x_wconf 83' lang='lat' dir='ltr'>percrebuit</span> <span class='ocrx_word' id='word_1_91' title='bbox 695 881 706 897; x_wconf 83' lang='lat'>‚</span> 
     </span>
     <span class='ocr_line' id='line_1_16' title="bbox 33 901 1015 952; baseline 0.007 -16"><span class='ocrx_word' id='word_1_92' title='bbox 33 901 247 947; x_wconf 85' lang='lat' dir='ltr'>Plebemque</span> <span class='ocrx_word' id='word_1_93' title='bbox 257 928 267 943; x_wconf 88' lang='lat'>,</span> <span class='ocrx_word' id='word_1_94' title='bbox 286 903 320 936; x_wconf 88' lang='lat'>&amp;</span> <span class='ocrx_word' id='word_1_95' title='bbox 332 913 498 946; x_wconf 83' lang='lat' dir='ltr'>proceres</span> <span class='ocrx_word' id='word_1_96' title='bbox 509 928 519 944; x_wconf 80' lang='grc'><em>,</em></span> <span class='ocrx_word' id='word_1_97' title='bbox 533 913 622 941; x_wconf 82' lang='lat' dir='ltr'>mox</span> <span class='ocrx_word' id='word_1_98' title='bbox 639 904 671 937; x_wconf 76' lang='grc' dir='ltr'>δι</span> <span class='ocrx_word' id='word_1_99' title='bbox 687 903 801 949; x_wconf 87' lang='lat' dir='ltr'>ipsum</span> <span class='ocrx_word' id='word_1_100' title='bbox 816 904 1015 952; x_wconf 79' lang='lat' dir='ltr'>Principem</span> 
     </span>
     <span class='ocr_line' id='line_1_17' title="bbox 0 951 899 996; baseline 0.004 -11"><span class='ocrx_word' id='word_1_101' title='bbox 0 951 1 996; x_wconf 54' lang='grc' dir='ltr'>ξ</span> <span class='ocrx_word' id='word_1_102' title='bbox 33 951 259 985; x_wconf 82' lang='lat' dir='ltr'>Commovit.</span> <span class='ocrx_word' id='word_1_103' title='bbox 275 951 442 985; x_wconf 86' lang='lat' dir='ltr'>Hominis</span> <span class='ocrx_word' id='word_1_104' title='bbox 458 951 660 996; x_wconf 83' lang='lat' dir='ltr'>exagitandi</span> <span class='ocrx_word' id='word_1_105' title='bbox 674 955 899 989; x_wconf 86' lang='lat' dir='ltr'>commodam</span> 
     </span>
     <span class='ocr_line' id='line_1_18' title="bbox 0 999 849 1047; baseline 0.002 -12"><span class='ocrx_word' id='word_1_106' title='bbox 0 1001 2 1035; x_wconf 73' lang='lat' dir='ltr'>t</span> <span class='ocrx_word' id='word_1_107' title='bbox 33 999 273 1034; x_wconf 85' lang='lat' dir='ltr'>Occasionem</span> <span class='ocrx_word' id='word_1_108' title='bbox 288 999 452 1033; x_wconf 79' lang='lat' dir='ltr'>Phaedrus</span> <span class='ocrx_word' id='word_1_109' title='bbox 466 999 559 1033; x_wconf 86' lang='lat' dir='ltr'>hanc</span> <span class='ocrx_word' id='word_1_110' title='bbox 574 1009 668 1034; x_wconf 89' lang='lat' dir='ltr'>ratus</span> <span class='ocrx_word' id='word_1_111' title='bbox 679 1027 689 1042; x_wconf 90' lang='lat'><strong>‚</strong></span> <span class='ocrx_word' id='word_1_112' title='bbox 703 1001 826 1047; x_wconf 83' lang='lat' dir='ltr'>arripit</span> <span class='ocrx_word' id='word_1_113' title='bbox 840 1015 849 1038; x_wconf 90' lang='lat'>:</span> 
     </span>
     <span class='ocr_line' id='line_1_19' title="bbox 0 1039 821 1094; baseline 0.004 -12"><span class='ocrx_word' id='word_1_114' title='bbox 0 1039 5 1084; x_wconf 25' lang='lat'>&#39;¹</span> <span class='ocrx_word' id='word_1_115' title='bbox 34 1049 189 1083; x_wconf 71' lang='lat' dir='ltr'>Dostam</span> <span class='ocrx_word' id='word_1_116' title='bbox 199 1075 208 1089; x_wconf 88' lang='lat'>,</span> <span class='ocrx_word' id='word_1_117' title='bbox 223 1049 372 1082; x_wconf 84' lang='lat' dir='ltr'>facetam</span> <span class='ocrx_word' id='word_1_118' title='bbox 382 1075 392 1090; x_wconf 90' lang='lat'>,</span> <span class='ocrx_word' id='word_1_119' title='bbox 409 1048 444 1082; x_wconf 65' lang='grc' dir='ltr'>ἃ</span> <span class='ocrx_word' id='word_1_120' title='bbox 455 1049 657 1094; x_wconf 63' lang='lat' dir='ltr'>elegantem</span> <span class='ocrx_word' id='word_1_121' title='bbox 670 1050 821 1085; x_wconf 86' lang='lat' dir='ltr'>fabulam</span> 
     </span>
     <span class='ocr_line' id='line_1_20' title="bbox 36 1097 882 1147; baseline 0.004 -15"><span class='ocrx_word' id='word_1_122' title='bbox 36 1097 242 1132; x_wconf 87' lang='lat' dir='ltr'>Concinnat</span> <span class='ocrx_word' id='word_1_123' title='bbox 253 1109 263 1131; x_wconf 73' lang='grc' dir='ltr'><strong><em>τ</em></strong></span> <span class='ocrx_word' id='word_1_124' title='bbox 276 1098 340 1131; x_wconf 82' lang='lat' dir='ltr'>Sol</span> <span class='ocrx_word' id='word_1_125' title='bbox 353 1107 505 1131; x_wconf 86' lang='lat' dir='ltr'>uxorem</span> <span class='ocrx_word' id='word_1_126' title='bbox 521 1098 644 1147; x_wconf 89' lang='lat' dir='ltr'>ducere</span> <span class='ocrx_word' id='word_1_127' title='bbox 660 1097 759 1145; x_wconf 76' lang='lat' dir='ltr'>quod</span> <span class='ocrx_word' id='word_1_128' title='bbox 772 1100 882 1144; x_wconf 80' lang='lat' dir='ltr'>velit,</span> 
     </span>
     <span class='ocr_line' id='line_1_21' title="bbox 35 1145 800 1191; baseline 0.005 -12"><span class='ocrx_word' id='word_1_129' title='bbox 35 1146 152 1180; x_wconf 82' lang='lat' dir='ltr'>Ranas</span> <span class='ocrx_word' id='word_1_130' title='bbox 168 1145 302 1180; x_wconf 89' lang='lat' dir='ltr'>inducit</span> <span class='ocrx_word' id='word_1_131' title='bbox 317 1155 572 1191; x_wconf 83' lang='lat' dir='ltr'>conquerentes</span> <span class='ocrx_word' id='word_1_132' title='bbox 588 1157 667 1182; x_wconf 89' lang='lat' dir='ltr'>cum</span> <span class='ocrx_word' id='word_1_133' title='bbox 684 1148 777 1183; x_wconf 83' lang='lat' dir='ltr'>Jove</span> <span class='ocrx_word' id='word_1_134' title='bbox 788 1174 800 1191; x_wconf 78' lang='grc'><strong>,</strong></span> 
     </span>
     <span class='ocr_line' id='line_1_22' title="bbox 37 1194 728 1240; baseline 0.004 -11"><span class='ocrx_word' id='word_1_135' title='bbox 37 1195 136 1230; x_wconf 83' lang='lat' dir='ltr'>Furis</span> <span class='ocrx_word' id='word_1_136' title='bbox 151 1195 245 1229; x_wconf 85' lang='lat' dir='ltr'>beati</span> <span class='ocrx_word' id='word_1_137' title='bbox 260 1194 402 1240; x_wconf 84' lang='lat' dir='ltr'>nuptias</span> <span class='ocrx_word' id='word_1_138' title='bbox 419 1196 571 1230; x_wconf 85' lang='lat' dir='ltr'>celebres</span> <span class='ocrx_word' id='word_1_139' title='bbox 587 1207 728 1232; x_wconf 89' lang='lat' dir='ltr'>notans.</span> 
     </span>
     <span class='ocr_line' id='line_1_23' title="bbox 85 1243 754 1287; baseline 0.004 -10"><span class='ocrx_word' id='word_1_140' title='bbox 85 1243 191 1277; x_wconf 83' lang='lat' dir='ltr'>Brevi</span> <span class='ocrx_word' id='word_1_141' title='bbox 206 1243 350 1277; x_wconf 80' lang='lat' dir='ltr'>rescivit</span> <span class='ocrx_word' id='word_1_142' title='bbox 365 1244 499 1277; x_wconf 84' lang='lat' dir='ltr'>crimen</span> <span class='ocrx_word' id='word_1_143' title='bbox 514 1244 651 1278; x_wconf 87' lang='lat' dir='ltr'>illatum</span> <span class='ocrx_word' id='word_1_144' title='bbox 666 1244 734 1280; x_wconf 86' lang='lat' dir='ltr'>sibi</span> <span class='ocrx_word' id='word_1_145' title='bbox 744 1272 754 1287; x_wconf 90' lang='lat'><strong>‚</strong></span> 
     </span>
     <span class='ocr_line' id='line_1_24' title="bbox 9 1291 813 1340; baseline 0.004 -14"><span class='ocrx_word' id='word_1_146' title='bbox 9 1312 11 1338; x_wconf 70' lang='lat'><strong>⁴</strong></span> <span class='ocrx_word' id='word_1_147' title='bbox 36 1293 238 1337; x_wconf 85' lang='lat' dir='ltr'>Doluitque</span> <span class='ocrx_word' id='word_1_148' title='bbox 253 1291 399 1334; x_wconf 81' lang='lat' dir='ltr'>Sejanus</span> <span class='ocrx_word' id='word_1_149' title='bbox 409 1318 420 1334; x_wconf 90' lang='lat'><strong>‚</strong></span> <span class='ocrx_word' id='word_1_150' title='bbox 434 1292 468 1326; x_wconf 72' lang='grc' dir='ltr'>δε</span> <span class='ocrx_word' id='word_1_151' title='bbox 483 1292 627 1326; x_wconf 62' lang='lat' dir='ltr'>auclore</span> <span class='ocrx_word' id='word_1_152' title='bbox 643 1294 788 1340; x_wconf 89' lang='lat' dir='ltr'>cognito</span> <span class='ocrx_word' id='word_1_153' title='bbox 803 1321 813 1336; x_wconf 82' lang='lat'><strong>,</strong></span> 
     </span>
     <span class='ocr_line' id='line_1_25' title="bbox 10 1341 787 1386; baseline 0.003 -10"><span class='ocrx_word' id='word_1_154' title='bbox 10 1343 11 1367; x_wconf 69' lang='grc' dir='ltr'>ἶ</span> <span class='ocrx_word' id='word_1_155' title='bbox 35 1341 153 1376; x_wconf 83' lang='lat' dir='ltr'>Aliam</span> <span class='ocrx_word' id='word_1_156' title='bbox 168 1343 208 1375; x_wconf 89' lang='lat' dir='ltr'>de</span> <span class='ocrx_word' id='word_1_157' title='bbox 225 1341 318 1374; x_wconf 87' lang='lat' dir='ltr'>ranis</span> <span class='ocrx_word' id='word_1_158' title='bbox 333 1341 400 1374; x_wconf 88' lang='lat' dir='ltr'>sibi</span> <span class='ocrx_word' id='word_1_159' title='bbox 414 1341 546 1386; x_wconf 85' lang='lat' dir='ltr'>Regem</span> <span class='ocrx_word' id='word_1_160' title='bbox 562 1342 761 1385; x_wconf 85' lang='lat' dir='ltr'>petentibus</span> <span class='ocrx_word' id='word_1_161' title='bbox 776 1370 787 1385; x_wconf 79' lang='grc'>,</span> 
     </span>
     <span class='ocr_line' id='line_1_26' title="bbox 12 1389 895 1436; baseline 0.005 -13"><span class='ocrx_word' id='word_1_162' title='bbox 12 1400 15 1412; x_wconf 62' lang='grc'><strong>“</strong></span> <span class='ocrx_word' id='word_1_163' title='bbox 37 1391 154 1434; x_wconf 82' lang='lat' dir='ltr'>Quam</span> <span class='ocrx_word' id='word_1_164' title='bbox 170 1389 220 1424; x_wconf 89' lang='lat' dir='ltr'>nil</span> <span class='ocrx_word' id='word_1_165' title='bbox 237 1389 459 1423; x_wconf 73' lang='lat' dir='ltr'>dissimulans</span> <span class='ocrx_word' id='word_1_166' title='bbox 476 1390 652 1434; x_wconf 84' lang='lat' dir='ltr'>publicam</span> <span class='ocrx_word' id='word_1_167' title='bbox 668 1391 727 1425; x_wconf 92' lang='lat' dir='ltr'>ille</span> <span class='ocrx_word' id='word_1_168' title='bbox 742 1393 871 1427; x_wconf 83' lang='lat' dir='ltr'>fecerat</span> <span class='ocrx_word' id='word_1_169' title='bbox 883 1419 895 1436; x_wconf 82' lang='grc'><strong>,</strong></span> 
     </span>
     <span class='ocr_line' id='line_1_27' title="bbox 14 1438 783 1484; baseline 0.001 -10"><span class='ocrx_word' id='word_1_170' title='bbox 14 1443 15 1463; x_wconf 74' lang='lat'>³</span> <span class='ocrx_word' id='word_1_171' title='bbox 37 1440 210 1474; x_wconf 82' lang='lat' dir='ltr'>Fabellam</span> <span class='ocrx_word' id='word_1_172' title='bbox 226 1440 266 1472; x_wconf 90' lang='lat' dir='ltr'>ad</span> <span class='ocrx_word' id='word_1_173' title='bbox 283 1438 397 1482; x_wconf 86' lang='lat' dir='ltr'>ipsum</span> <span class='ocrx_word' id='word_1_174' title='bbox 412 1439 588 1484; x_wconf 80' lang='lat' dir='ltr'>pertinere</span> <span class='ocrx_word' id='word_1_175' title='bbox 602 1438 783 1475; x_wconf 89' lang='lat' dir='ltr'>Tiberium</span> 
     </span>
     <span class='ocr_line' id='line_1_28' title="bbox 15 1487 850 1534; baseline 0.001 -11"><span class='ocrx_word' id='word_1_176' title='bbox 15 1492 17 1523; x_wconf 72' lang='grc' dir='ltr'>ζ</span> <span class='ocrx_word' id='word_1_177' title='bbox 38 1488 154 1523; x_wconf 79' lang='lat' dir='ltr'>Facile</span> <span class='ocrx_word' id='word_1_178' title='bbox 170 1487 345 1533; x_wconf 87' lang='lat' dir='ltr'>probavit.</span> <span class='ocrx_word' id='word_1_179' title='bbox 360 1487 451 1534; x_wconf 86' lang='lat' dir='ltr'>Ergo</span> <span class='ocrx_word' id='word_1_180' title='bbox 465 1488 604 1522; x_wconf 88' lang='lat' dir='ltr'>accusat</span> <span class='ocrx_word' id='word_1_181' title='bbox 617 1487 711 1522; x_wconf 87' lang='lat' dir='ltr'>hunc</span> <span class='ocrx_word' id='word_1_182' title='bbox 725 1500 824 1524; x_wconf 87' lang='lat' dir='ltr'>reum</span> <span class='ocrx_word' id='word_1_183' title='bbox 837 1517 850 1533; x_wconf 85' lang='grc'>,</span> 
     </span>
     <span class='ocr_line' id='line_1_29' title="bbox 16 1535 698 1582; baseline 0.003 -12"><span class='ocrx_word' id='word_1_184' title='bbox 16 1538 18 1548; x_wconf 71' lang='lat'><em>&#39;</em></span> <span class='ocrx_word' id='word_1_185' title='bbox 37 1537 80 1570; x_wconf 87' lang='lat' dir='ltr'>Et</span> <span class='ocrx_word' id='word_1_186' title='bbox 95 1537 241 1570; x_wconf 87' lang='lat' dir='ltr'>crimine</span> <span class='ocrx_word' id='word_1_187' title='bbox 257 1536 345 1570; x_wconf 79' lang='lat' dir='ltr'>laesae</span> <span class='ocrx_word' id='word_1_188' title='bbox 362 1535 547 1578; x_wconf 79' lang='lat' dir='ltr'>majestatis</span> <span class='ocrx_word' id='word_1_189' title='bbox 567 1536 698 1582; x_wconf 84' lang='lat' dir='ltr'>alligat.</span> 
     </span>
     <span class='ocr_line' id='line_1_30' title="bbox 89 1584 922 1633; baseline 0.004 -14"><span class='ocrx_word' id='word_1_190' title='bbox 89 1585 181 1619; x_wconf 90' lang='lat' dir='ltr'>Hinc</span> <span class='ocrx_word' id='word_1_191' title='bbox 197 1585 258 1619; x_wconf 88' lang='lat' dir='ltr'>ista</span> <span class='ocrx_word' id='word_1_192' title='bbox 273 1584 386 1618; x_wconf 63' lang='lat' dir='ltr'>lucius</span> <span class='ocrx_word' id='word_1_193' title='bbox 401 1584 616 1630; x_wconf 86' lang='lat' dir='ltr'>significatio</span> <span class='ocrx_word' id='word_1_194' title='bbox 630 1596 701 1619; x_wconf 82' lang='lat' dir='ltr'>tam</span> <span class='ocrx_word' id='word_1_195' title='bbox 716 1586 882 1633; x_wconf 82' lang='lat' dir='ltr'>frequens</span> <span class='ocrx_word' id='word_1_196' title='bbox 918 1619 922 1622; x_wconf 16' lang='lat' dir='ltr'>a</span> 
     </span>
     <span class='ocr_line' id='line_1_31' title="bbox 18 1633 806 1679; baseline 0.001 -10"><span class='ocrx_word' id='word_1_197' title='bbox 18 1652 22 1669; x_wconf 76' lang='grc' dir='ltr'>ι</span> <span class='ocrx_word' id='word_1_198' title='bbox 39 1634 202 1668; x_wconf 70' lang='grc' dir='ltr'>Αυὲὶοῐίς</span> <span class='ocrx_word' id='word_1_199' title='bbox 216 1633 334 1667; x_wconf 66' lang='lat' dir='ltr'>afflicti</span> <span class='ocrx_word' id='word_1_200' title='bbox 346 1659 355 1674; x_wconf 88' lang='lat'>‚</span> <span class='ocrx_word' id='word_1_201' title='bbox 373 1634 407 1667; x_wconf 89' lang='lat'>&amp;</span> <span class='ocrx_word' id='word_1_202' title='bbox 422 1645 545 1679; x_wconf 80' lang='lat' dir='ltr'>graves</span> <span class='ocrx_word' id='word_1_203' title='bbox 562 1634 806 1679; x_wconf 75' lang='lat' dir='ltr'>querimoniae.</span> 
     </span>
     <span class='ocr_line' id='line_1_32' title="bbox 36 1681 777 1728; baseline 0.001 -11"><span class='ocrx_word' id='word_1_204' title='bbox 36 1681 79 1717; x_wconf 87' lang='lat' dir='ltr'>In</span> <span class='ocrx_word' id='word_1_205' title='bbox 95 1683 238 1728; x_wconf 88' lang='lat' dir='ltr'>aliquod</span> <span class='ocrx_word' id='word_1_206' title='bbox 253 1682 358 1716; x_wconf 86' lang='lat' dir='ltr'>etiam</span> <span class='ocrx_word' id='word_1_207' title='bbox 373 1682 457 1716; x_wconf 82' lang='lat' dir='ltr'>vitae</span> <span class='ocrx_word' id='word_1_208' title='bbox 474 1682 658 1717; x_wconf 90' lang='lat' dir='ltr'>discrimen</span> <span class='ocrx_word' id='word_1_209' title='bbox 673 1684 777 1718; x_wconf 85' lang='lat' dir='ltr'>miser</span> 
     </span>
     <span class='ocr_line' id='line_1_33' title="bbox 37 1731 874 1776; baseline 0.002 -10"><span class='ocrx_word' id='word_1_210' title='bbox 37 1733 156 1766; x_wconf 81' lang='lat' dir='ltr'>Fuerit</span> <span class='ocrx_word' id='word_1_211' title='bbox 172 1731 335 1765; x_wconf 60' lang='lat' dir='ltr'>adducrus</span> <span class='ocrx_word' id='word_1_212' title='bbox 349 1743 359 1769; x_wconf 94' lang='lat'>·,</span> <span class='ocrx_word' id='word_1_213' title='bbox 373 1731 468 1776; x_wconf 90' lang='lat' dir='ltr'>quod</span> <span class='ocrx_word' id='word_1_214' title='bbox 483 1731 565 1764; x_wconf 84' lang='lat' dir='ltr'>satis</span> <span class='ocrx_word' id='word_1_215' title='bbox 584 1732 702 1776; x_wconf 84' lang='lat' dir='ltr'>&amp;ipse</span> <span class='ocrx_word' id='word_1_216' title='bbox 719 1733 849 1768; x_wconf 84' lang='lat' dir='ltr'>indicat</span> <span class='ocrx_word' id='word_1_217' title='bbox 863 1744 874 1769; x_wconf 72' lang='grc' dir='ltr'><em>τ</em></span> 
     </span>
     <span class='ocr_line' id='line_1_34' title="bbox 39 1778 696 1824; baseline 0 -10"><span class='ocrx_word' id='word_1_218' title='bbox 39 1780 146 1814; x_wconf 82' lang='lat' dir='ltr'>Cert&#39;e</span> <span class='ocrx_word' id='word_1_219' title='bbox 162 1780 330 1824; x_wconf 85' lang='lat' dir='ltr'>irrogatas</span> <span class='ocrx_word' id='word_1_220' title='bbox 342 1778 438 1813; x_wconf 80' lang='lat' dir='ltr'>vixit</span> <span class='ocrx_word' id='word_1_221' title='bbox 450 1791 620 1814; x_wconf 83' lang='lat' dir='ltr'>aerumnas</span> <span class='ocrx_word' id='word_1_222' title='bbox 637 1781 696 1814; x_wconf 88' lang='lat' dir='ltr'>diu</span> 
     </span>
     <span class='ocr_line' id='line_1_35' title="bbox 39 1828 742 1874; baseline 0.001 -12"><span class='ocrx_word' id='word_1_223' title='bbox 39 1828 232 1874; x_wconf 80' lang='lat' dir='ltr'>Perpeffus.</span> <span class='ocrx_word' id='word_1_224' title='bbox 250 1829 459 1861; x_wconf 85' lang='lat' dir='ltr'>Emendatus</span> <span class='ocrx_word' id='word_1_225' title='bbox 473 1830 638 1873; x_wconf 81' lang='lat' dir='ltr'>exemplo</span> <span class='ocrx_word' id='word_1_226' title='bbox 654 1829 718 1863; x_wconf 91' lang='lat' dir='ltr'>suo</span> <span class='ocrx_word' id='word_1_227' title='bbox 732 1855 742 1871; x_wconf 82' lang='grc'><em>,</em></span> 
     </span>
     <span class='ocr_line' id='line_1_36' title="bbox 38 1876 740 1922; baseline 0.003 -12"><span class='ocrx_word' id='word_1_228' title='bbox 38 1877 81 1911; x_wconf 86' lang='lat' dir='ltr'>In</span> <span class='ocrx_word' id='word_1_229' title='bbox 94 1876 325 1921; x_wconf 89' lang='lat' dir='ltr'>scriptitandis</span> <span class='ocrx_word' id='word_1_230' title='bbox 341 1876 454 1910; x_wconf 86' lang='lat' dir='ltr'>nihilo</span> <span class='ocrx_word' id='word_1_231' title='bbox 470 1876 606 1922; x_wconf 76' lang='lat' dir='ltr'>segnius</span> <span class='ocrx_word' id='word_1_232' title='bbox 622 1887 740 1912; x_wconf 87' lang='lat' dir='ltr'>tamen</span> 
     </span>
     <span class='ocr_line' id='line_1_37' title="bbox 39 1924 849 1971; baseline 0 -10"><span class='ocrx_word' id='word_1_233' title='bbox 39 1926 191 1961; x_wconf 69' lang='lat' dir='ltr'>tabellis</span> <span class='ocrx_word' id='word_1_234' title='bbox 207 1925 324 1971; x_wconf 86' lang='lat' dir='ltr'>posuit</span> <span class='ocrx_word' id='word_1_235' title='bbox 339 1936 483 1970; x_wconf 87' lang='lat' dir='ltr'>operam</span> <span class='ocrx_word' id='word_1_236' title='bbox 495 1951 505 1969; x_wconf 87' lang='lat'><em>‚</em></span> <span class='ocrx_word' id='word_1_237' title='bbox 522 1934 557 1960; x_wconf 90' lang='lat' dir='ltr'>at</span> <span class='ocrx_word' id='word_1_238' title='bbox 572 1924 819 1961; x_wconf 85' lang='lat' dir='ltr'>innocentibus</span> <span class='ocrx_word' id='word_1_239' title='bbox 836 1930 849 1969; x_wconf 83' lang='grc'>,’</span> 
     </span>
    </p>
   </div>
   <div class='ocr_carea' id='block_1_3' title="bbox 0 1122 43 2361">
    <p class='ocr_par' dir='ltr' id='par_1_3' title="bbox 0 1122 43 2361">
     <span class='ocr_line' id='line_1_38' title="bbox 0 1122 13 1267; baseline 0 -2"><span class='ocrx_word' id='word_1_240' title='bbox 0 1122 13 1267; x_wconf 95' lang='lat' dir='ltr'>   </span> 
     </span>
     <span class='ocr_line' id='line_1_39' title="bbox 0 1267 12 1459; baseline 0.333 -96"><span class='ocrx_word' id='word_1_241' title='bbox 0 1267 12 1459; x_wconf 95' lang='lat' dir='ltr'>    </span> 
     </span>
     <span class='ocr_line' id='line_1_40' title="bbox 0 1459 24 1605; baseline 0 -48"><span class='ocrx_word' id='word_1_242' title='bbox 0 1459 24 1605; x_wconf 95' lang='lat' dir='ltr'>   </span> 
     </span>
     <span class='ocr_line' id='line_1_41' title="bbox 3 1702 33 1897; baseline 0 -99"><span class='ocrx_word' id='word_1_243' title='bbox 3 1702 33 1897; x_wconf 95' lang='lat' dir='ltr'>    </span> 
     </span>
     <span class='ocr_line' id='line_1_42' title="bbox 6 1897 43 2361; baseline 0 -416"><span class='ocrx_word' id='word_1_244' title='bbox 6 1897 43 2361; x_wconf 95' lang='lat' dir='ltr'>   </span> 
     </span>
    </p>
   </div>
   <div class='ocr_carea' id='block_1_4' title="bbox 1218 0 1268 998">
    <p class='ocr_par' dir='ltr' id='par_1_4' title="bbox 1218 0 1268 998">
     <span class='ocr_line' id='line_1_43' title="bbox 1218 0 1268 998; baseline 0 0"><span class='ocrx_word' id='word_1_245' title='bbox 1218 0 1268 998; x_wconf 95' lang='lat' dir='ltr'> </span> 
     </span>
    </p>
   </div>
  </div>
 </body>
</html>
