1268 2361
308 75 894 123 PRAEFATIO.
1034 96 1097 124 xv

400 204 498 220 Ξ
505 183 690 232 9.ὲῇῂὲ

308 291 714 347 CAPUT
793 292 895 347 ΙΙ.

102 414 392 479 'Apologorum
413 418 638 478 scriptores
655 452 670 475 ,
707 435 810 477 quos
845 419 1100 478 observatio-

166 514 266 542 num
289 499 456 542 libellus
482 499 543 541 ad
562 499 695 557 operis
721 502 870 544 calcem
893 498 1060 557 rq'eflus
1083 531 1100 556 ‚

1049 200 1067 223 >-

167 578 328 623 indicat
341 611 355 632 ,
368 578 461 637 fer&
487 594 629 622 omnes
653 579 915 638 recensentur.

95 715 132 757 I.
167 688 295 766 AEs
309 729 441 757 opus
462 747 473 764 ‚
500 717 655 755 natione
681 714 812 768 Phryx
830 746 845 764 s
870 716 1096 757 conditione

98 771 229 811 servus
243 801 256 820 ‚
274 773 314 810 in
334 771 550 810 libertatem
569 770 615 808 ab
635 769 800 808 Idmone
819 770 988 823 quodam
1008 773 1096 809 vin-

97 826 246 865 dicatus
270 823 338 864 est.
358 824 512 864 Dicitur
533 826 571 863 in
597 823 747 862 Eusebii
772 825 954 864 chronico
981 826 1097 864 inter-

98 891 253 933 emptus
275 892 377 918 anno
429 880 526 917 rimo
551 876 803 931 Olympiadis
827 881 1097 933 quinquagesi-

97 947 173 973 mae
204 946 358 986 quartae.
422 932 470 971 ed
504 933 600 970 hanc
632 933 874 971 notationem
908 935 1095 985 temporis

97 1000 303 1036 evertunt,
327 1001 411 1040 quae
434 1000 456 1024 a
476 985 677 1024 Plutarcho
703 998 967 1025 memorantur
987 990 1024 1025 in
1048 988 1095 1025 li-

98 1042 170 1081 bro
192 1041 240 1081 de
263 1041 342 1080 sera
367 1040 543 1078 Numinis
565 1038 730 1078 vindiCta
745 1070 757 1088 ‚
779 1040 927 1079 missum
950 1054 1094 1094 nempe

97 1096 288 1148 AEsopum
310 1093 415 1133 fuisse
439 1093 618 1146 Delphos
643 1108 664 1132 a
686 1093 823 1132 Croeso
846 1108 935 1147 rege
953 1125 964 1142 ‚
989 1095 1091 1146 apud

96 1163 213 1203 quem
248 1148 446 1187 florebat:
480 1146 634 1186 Croesus
670 1149 772 1186 enim
807 1163 909 1191 anno
946 1151 1094 1187 tantum

96 1215 233 1256 quarto
267 1201 518 1254 Olympiadis
556 1203 881 1254 quinquagesimae
917 1204 1056 1254 quinrae
1080 1233 1092 1250 ‚

95 1259 206 1296 annis
226 1255 307 1294 fere
329 1267 416 1294 ante
440 1253 630 1293 Christum
654 1268 783 1294 natum
812 1268 907 1308 557,
932 1270 1091 1309 regnare

95 1312 231 1364 coepit.
255 1309 410 1349 Fabulae
431 1307 497 1346 sub
522 1307 603 1358 ejus
627 1310 784 1348 nomine
810 1308 954 1348 exstant
974 1310 1090 1349 hodie

98 1377 178 1415 297
196 1394 209 1412 ,
237 1377 396 1416 quarum
430 1361 503 1414 136
530 1364 695 1415 primurn
724 1378 825 1401 anno
859 1364 959 1402 1610
983 1377 1005 1405 e
1028 1364 1093 1401 bi-

95 1418 290 1458 bliotheca
308 1416 475 1455 Palatina
498 1416 734 1468 prodierunt.
759 1417 865 1455 Plura
891 1429 1017 1456 autem
1043 1417 1090 1456 dc

94 1471 178 1523 ipso
210 1471 300 1511 vide
336 1485 357 1509 a
387 1471 498 1509 nobis
532 1483 835 1510 commemorata
865 1470 957 1510 Fal).
987 1470 1090 1511 Ptol,

95 1524 183 1566 Lib.
203 1536 288 1565 v11
313 1525 354 1563 &
376 1536 502 1563 v111.

150 1630 209 1671 ῙῙ.
239 1631 542 1671 LOCMANUS
578 1629 743 1670 Thomae
772 1630 942 1684 Erpenio
971 1660 984 1678 ‚
1022 1633 1086 1685 qui

98 1684 256 1725 fabellas
281 1684 362 1737 ejus
389 1685 509 1724 edidi-t
527 1715 538 1733 ,
563 1685 714 1724 videtur
739 1686 880 1725 eodem
908 1685 986 1724 fere
1005 1715 1017 1733 ,
1045 1699 1088 1724 ac

98 1739 260 1792 AEsopus
281 1769 292 1786 ‚
320 1751 496 1790 tempore
520 1738 664 1778 vixisse.
699 1738 824 1778 Immo
851 1739 988 1778 eruditi
1017 1740 1089 1777 viri

97 1794 315 1844 complures
329 1823 341 1841 ‚
361 1792 580 1845 quibuscum
596 1792 673 1845 ipse
694 1793 876 1844 Erpenius
894 1807 971 1830 non
991 1793 1095 1830 muln

97 1846 181 1885 tum
203 1845 366 1886 dissentit
381 1877 392 1895 ‚
421 1846 600 1885 eumdem
622 1877 633 1895 ‚
662 1849 725 1899 qui
752 1845 898 1886 Graecis
921 1846 1087 1898 AEsopus
