1225 2367
181 121 270 172 180
334 123 1010 174 FAB.AE50P1ARUM

174 206 373 250 Nullusque
388 217 464 240 non
478 216 551 240 erat
567 205 783 252 exquisitior
798 207 896 242 cibus
911 221 925 244 τ

225 255 299 289 Leo
316 255 374 289 sed
389 256 496 296 alter,
511 265 591 289 ante
608 256 670 300 qui
686 267 819 300 paucos
835 257 909 291 dies

175 303 330 337 Advenit
345 305 434 345 huc,
453 305 486 337 &
502 306 612 338 multa
627 304 697 346 jam
712 305 803 339 saeva
819 305 929 340 edidit

174 352 368 394 Facinora,
387 354 421 386 ἃ
437 352 598 386 affectare
614 355 754 386 culmen
768 353 896 398 imperi

174 400 329 435 Videtur
343 426 354 443 ,
368 401 516 445 ipsaque
533 402 622 435 solet
637 401 674 434 in
692 402 826 435 vicinia

176 449 328 483 Latitare
346 476 355 491 ‚
372 449 485 483 subito
504 449 692 493 prosiliens
709 450 797 484 mihi
814 450 967 490 obstitit3

175 498 381 542 Frustraque
398 509 531 532 nomen
550 499 757 532 inclamanti
771 499 906 545 regium

175 547 373 581 ‘Violentus
389 573 398 588 ,
415 549 527 581 audax
538 573 547 588 ‚
564 548 676 581 immo
693 558 919 593 contemptor
933 558 1004 584 tuae

175 595 371 636 Maiestatis
382 622 390 637 ,
410 607 499 641 opes
511 597 626 641 rapuit
642 608 766 631 omnes
776 623 784 638 ,
804 598 838 631 ὃ(
853 598 954 632 suurn
969 625 980 641 ,

175 644 287 679 Foede
302 645 522 690 triumphans
534 672 544 686 ‚
557 646 595 678 in
610 646 792 680 latibulum
808 647 981 683 condidit.

174 694 230 726 Ad
245 694 322 727 haec
339 695 503 738 superbus
518 721 526 735 ‚
545 695 579 728 δε
593 696 803 728 vehemente
819 696 973 739 percitus

175 742 251 775 Leo
267 742 385 776 furore
400 756 408 777 :
426 745 506 776 Duc
517 769 529 784 ‚
543 744 593 777 ait
606 769 615 785 ,
631 745 698 776 duc
711 755 767 777 me
780 744 895 777 statim

176 790 359 824 Nefarium
376 793 417 825 ad
433 793 606 825 latronem
624 818 633 833 ‚
646 804 750 836 quem
767 794 887 826 dedam
904 792 998 828 neci.

229 840 338 873 Viam
356 841 515 874 celeriter
532 841 735 885 corripuere
749 854 758 875 z
776 852 863 874 mox
878 842 1006 886 videns

178 887 329 923 Puteum
341 915 350 930 ‚
367 890 487 923 dolosa
502 901 607 934 quem
624 890 720 934 prius
736 900 923 924 notaverat
933 916 945 932 ,

176 938 381 982 Aptumque
399 939 534 972 technis
550 937 765 981 judicaverat
782 939 870 981 suis,

177 986 381 1030 'Vulpecula
395 999 403 1021 ι
421 988 472 1020 Εη
488 988 558 1021 hoc
575 987 689 1031 ipsum
705 988 890 1021 latibulum
905 987 954 1023 est
967 1014 977 1031 ,
993 987 1071 1033 ait,'

175 1035 262 1078 Quo
280 1036 313 1069 se
330 1036 419 1069 solet
434 1036 588 1080 recipere
604 1036 790 1081 sacrilegus
806 1039 896 1071 latro
915 1049 923 1071 τ

180 1085 254 1129 Age
265 1110 274 1125 ,
287 1086 383 1119 ultor
400 1085 526 1118 invade
542 1111 551 1126 ‚
570 1086 604 1118 ὅ(
619 1085 863 1129 inopinantem
880 1086 1058 1131 opprime.

178 1134 402 1167 Furibundus
420 1134 478 1167 ille
494 1133 628 1167 accedit
644 1146 653 1172 ·‚
671 1134 707 1166 in
723 1145 868 1178 puteum
885 1135 1024 1179 inspicit
1040 1161 1058 1177 ‚.

177 1183 409 1228 Cernensque
426 1182 595 1218 reflexam
611 1183 653 1216 ab
670 1183 768 1227 aquis
786 1183 936 1228 effigiem
952 1184 1047 1219 suam
1063 1195 1075 1221 ε

177 1230 294 1264 Etiam
310 1231 470 1265 scelestus
487 1231 616 1276 impias
633 1233 735 1265 audet
752 1232 864 1265 minas

177 1280 363 1315 Intendere
379 1280 467 1313 mihi
482 1306 490 1320 ‚
508 1282 683 1314 exclamat
700 1283 706 1314 !
723 1281 765 1313 Et
780 1292 935 1326 praeceps
951 1281 1065 1318 simul,

177 1328 283 1363 Irruit
294 1354 304 1370 ‚
322 1330 356 1363 δε
372 1329 446 1362 imo
462 1328 652 1364 suffocatur
669 1329 705 1362 in
721 1331 828 1364 vado.

229 1378 329 1423 Saepe
346 1378 498 1413 furiosos
516 1378 681 1423 proprius
698 1379 811 1423 perdit
831 1378 943 1415 furor.

568 1469 1041 1517 aeffoeffissa·

362 1567 709 1613 FABULA
775 1569 992 1617 XXII.

536 1666 580 1709 E
583 1682 685 1710 rucae
708 1668 814 1711 duae.

309 1485 334 1510 ’ίζ

176 1738 227 1814 ἶ
239 1790 264 1813 N
282 1780 382 1814 caule
402 1780 527 1814 eodem
540 1781 657 1814 Erucae
676 1790 859 1815 creverant
873 1782 971 1826 duae,'

175 1829 218 1862 ‘Et
231 1829 435 1862 societatem
452 1830 627 1863 iniverant
645 1829 829 1864 sororiam.

174 1878 221 1911 At
233 1889 301 1912 una
315 1904 324 1918 ‚
341 1889 474 1922 pennas
494 1879 570 1912 cum
586 1878 731 1923 repente
751 1889 908 1914 cerneret

175 1926 253 1963 Sibi
267 1926 440 1964 advenisse
453 1953 462 1971 ‚
478 1927 700 1974 papilionum
714 1928 748 1963 se
760 1929 862 1976 gregi·
