1268 2361
147 129 320 172 LIBER
348 138 607 172 DECIMUS
644 137 919 183 QUINTUS.
967 127 1054 188 381

67 209 264 254 Statimque
281 210 492 242 lamentatur
507 208 697 242 ambustam
715 209 783 242 sibi

69 257 239 303 Linguam
250 258 283 291 δε
293 260 446 302 palatum
458 271 466 291 :
478 269 582 302 quem
592 257 774 301 increpans
791 257 916 302 aliquis
929 258 1061 291 :Tuam

70 306 175 340 Certe
186 332 195 347 ,
209 306 325 351 inquit
337 332 346 348 ‚
359 305 521 340 efi'elianc
538 317 699 351 magnam
713 306 893 340 stultitiam
907 307 1034 351 liquet:

70 355 167 396 Quid
182 356 310 388 mirum
322 381 331 395 ,
347 355 452 389 osella
466 355 495 387 si
512 355 655 388 calescat
669 355 802 388 tandiu

70 403 167 436 Dum
183 403 295 436 fumat
309 403 395 437 Msti
413 404 552 436 monito
569 406 759 447 parendum
775 415 918 448 quoque

72 451 199 485 Censet
216 453 336 485 Homo
352 452 487 489 docilis.
507 452 599 485 Hinc
616 452 652 484 in
668 463 790 497 agrum
803 451 945 497 longius

72 499 162 533 Ci'im
178 499 399 543 processisset
409 526 418 541 ‚
432 499 523 534 serie>
536 526 544 541 ,
563 501 732 545 quantum
744 502 840 534 valet
853 526 863 542 ,

71 548 200 581 Audita
216 559 379 592 reputans
391 575 400 589 ‚
415 549 525 582 fontis
542 551 583 582 ad
603 549 708 594 gelidi
725 559 828 593 caput

72 597 229 630 Tandem
245 597 360 630 aridus
375 598 518 630 devenit
534 624 542 638 ,
559 597 708 642 aestuque
727 598 760 631 ὃ(
776 597 838 631 vizi

72 645 224 690 Ipsoque
241 645 351 680 studio
369 647 546 691 cogitandi
562 645 720 680 lassulus:

73 693 298 739 Restinguere
310 694 406 727 sitim
424 695 637 738 discupiebat
651 707 660 732 ·‚
676 695 733 728 sed
747 696 846 728 leves

74 743 123 775 Ut
138 743 274 787 surgere
292 744 332 776 ab
350 754 437 787 aqua
455 743 570 776 fumos
588 743 881 776 animadverterat
897 767 909 786 ‚

75 791 218 824 Secreto
235 791 276 824 ab
290 791 370 835 igne
389 791 511 825 latices
525 791 591 824 effe
607 791 763 824 fervidos

75 839 316 880 Existimavit,
335 851 372 873 ac
388 840 507 872 timuit
525 839 708 885 attingere.

74 888 159 921 Non
176 889 298 931 procul
311 888 392 922 hinc
405 899 490 932 ergo
504 888 662 922 desidcns
676 887 876 933 aliquandiu

76 935 261 980 Postquam
280 936 497 981 exspectavit
509 963 516 977 ,
532 937 694 970 humidus
711 937 740 971 si
756 936 828 971 fbrs
846 948 960 982 vapor

79 985 353 1018 Consumeretur
364 1011 372 1026 ‚
391 986 540 1029 denique
560 986 746 1029 impatiens
760 997 868 1018 mora:

78 1032 294 1077 Timensque
306 1059 314 1073 ‚
337 1045 379 1066 ne
394 1034 460 1067 sibi
476 1036 584 1067 multa
599 1046 672 1067 nox
687 1034 906 1068 incumberet

78 1081 272 1123 Redeunti,
287 1082 450 1115 abscessit
466 1082 567 1128 igneii
582 1083 741 1116 incensus
755 1083 826 1116 siti.

128 1129 230 1164 Vana
247 1130 295 1164 est
310 1131 469 1164 docilitas
482 1158 491 1173 ,
509 1143 584 1176 qus:
598 1142 691 1165 caret
708 1130 891 1175 sapientia.

200 1208 936 1256 =.5=-—'--nss=3ffc=÷-⁴—--—-——-a·

234 1294 622 1356 FABULA
694 1293 925 1340 XXX.

287 1375 425 1418 Simia
442 1372 484 1419 ὃ
506 1375 711 1440 Castaneae
726 1390 864 1422 nuces.

86 1422 161 1501 ΗΞ
178 1476 202 1500 R
214 1477 228 1501 1
241 1476 261 1500 c
275 1477 288 1500 1
302 1476 327 1500 0
345 1468 455 1501 furata
475 1467 653 1501 Castaneas
668 1478 742 1502 erat

86 1515 196 1548 Simia
210 1516 341 1550 virenti
355 1517 466 1549 adhuc
482 1527 622 1560 opertas
640 1519 769 1550 cortice
785 1543 795 1558 ‚

88 1564 300 1608 Circi‘1mque
315 1565 421 1609 spinis
437 1565 594 1598 horridas
611 1566 829 1600 minacibus:

88 1612 141 1645 Os
159 1612 266 1657 igitur
281 1612 350 1646 illis
368 1615 555 1647 admovere
572 1625 644 1647 non
658 1615 768 1658 potest
779 1641 788 1655 ‚

88 1661 187 1702 Quin
199 1662 291 1694 labra
307 1672 425 1696 tenera
442 1663 550 1706 pungi
568 1663 698 1696 aculeis
711 1673 844 1709 gemat:

87 1709 205 1751 Quem
218 1708 353 1744 sensum
366 1721 509 1754 experta
525 1721 576 1744 ter
586 1737 595 1752 ‚
610 1722 732 1755 quater
747 1711 930 1756 postquam
942 1710 1010 1746 fuit
1026 1717 1040 1756 ,'

89 1758 193 1790 h'unc
209 1757 276 1791 effe
290 1759 429 1792 demum
444 1759 623 1793 vindicem
638 1761 720 1793 furti
737 1770 834 1804 putat
848 1787 856 1801 ,

90 1807 276 1850 Nucesque
290 1807 435 1840 domino
450 1807 561 1840 reddit
576 1809 726 1853 integras
739 1810 814 1842 suo.

142 1854 217 1887 Hos
233 1855 359 1888 indicat
374 1855 496 1888 fabella
511 1855 669 1890 stimulos
687 1857 867 1899 vindices,

92 1901 165 1946 Qui
182 1913 261 1943 cor.
275 1902 439 1938 facinoris
453 1904 632 1939 conscium
644 1904 759 1949 injusti
769 1931 778 1948 ‚
795 1915 973 1951 premunt.
