1268 2361
199 119 433 165 LIBER
488 127 902 163 SEPTIMUS.
978 130 1063 182 155

341 209 516 230 ——nh
537 203 601 222 *ἢ*
622 211 798 230 unz—...-

74 210 106 252 ζια
342 218 798 251 ῇ-ηυῆε--ῌ
1033 216 1058 242 ⁹·

228 292 634 339 FABULA
720 290 913 338 XXI.
1067 272 1130 322 ’ΐ-

394 388 508 434 Avis
520 388 737 448 solitaria.

68 463 169 540 PR
179 513 205 539 ο
218 514 239 539 c
253 513 280 538 u
293 513 312 538 1.
330 512 468 537 remota
483 503 524 536 ab
540 502 640 536 omni
656 501 907 537 consuetudine

68 555 266 590 Volantum
277 579 288 595 ‚
305 554 340 587 &
355 553 434 586 imae
451 552 555 586 vallis
573 551 611 584 in
627 551 707 585 sinu
723 552 833 585 latens

69 605 226 639 Amoeno
238 630 247 643 ,
263 602 419 648 placidos
437 603 595 647 quaedam
608 600 695 634 Avis
712 602 833 647 agebat
847 601 935 636 dies.

67 653 166 689 ‘Vitae
181 654 238 687 sed
255 653 313 686 illa
329 651 493 685 solitariae
511 661 628 684 tamen

67 703 187 737 Sensit
202 701 388 746 aliquando
407 699 552 734 taedium
566 712 575 737 ·,
592 699 626 731 &
641 699 675 732 se
690 698 852 743 protinus

69 752 203 786 Inferre
218 750 335 784 statuit
348 750 499 782 coetibus
516 748 628 794 gentis
643 748 723 781 suae.

68 800 216 846 Migrat.
234 800 457 843 strepentem
473 807 665 832 corvorum
683 798 720 830 in
736 798 872 830 turbam
891 796 1038 833 incidit:

67 849 150 884 Hos
166 848 325 893 turpibus
342 847 474 892 rapinis
490 848 607 880 suetos
624 846 749 880 vivere
765 871 775 888 ‚

67 897 245 933 Edacitate
260 895 354 931 foeda
370 896 527 941 percitos
538 921 548 937 ‚
561 895 642 941 gula

7 978 10 982 .
68 947 282 982 stimulante
298 956 433 980 atroces
444 972 453 987 ‚
471 956 537 990 pro
551 945 638 978 cibis
653 944 846 979 levissimis

69 997 245 1040 Querelas
258 1021 267 1037 ‚
280 996 375 1029 rixas
387 1021 397 1036 ‚
412 1006 547 1040 pugnas
564 994 677 1028 rostro
694 994 728 1027 ὅ(
743 993 920 1040 unguibus

69 1045 226 1079 Movere
239 1045 350 1079 ferrea
369 1043 562 1078 obstinatos
579 1044 698 1077 indole
713 1069 722 1084 ‚

70 1094 338 1128 Discordiarum
354 1103 544 1138 perpetuus
563 1092 670 1138 agitat
681 1093 792 1127 furor.

69 1143 251 1188 Paulisper
267 1154 351 1188 ergo
365 1142 530 1176 sustinere
546 1141 611 1174 vix
626 1141 740 1186 potest

70 1192 162 1227 Avis
178 1190 326 1236 pacifica
341 1193 410 1225 tale
426 1192 720 1233 contubernium:

71 1241 229 1286 Refugit.
247 1240 344 1273 Hinc
357 1242 400 1274 ad
415 1239 610 1284 aquilarum
627 1239 811 1273 contendit
826 1250 980 1285 gregem.

71 1290 260 1323 Nobilibus
276 1288 344 1322 illae
357 1314 367 1330 ‚
385 1288 419 1321 &
435 1287 602 1332 gloriosis
623 1288 754 1321 artibus

72 1339 118 1373 Se
135 1339 359 1372 devoverunt
376 1349 384 1371 :
402 1336 513 1370 laudis
529 1337 570 1369 ad
583 1335 757 1381 fastigium

72 1387 225 1422 Animos
240 1387 406 1420 volentes
421 1386 529 1430 usque
547 1385 581 1418 &
596 1386 704 1430 usque
721 1384 884 1419 suscitant

72 1436 257 1471 Generosa
272 1435 379 1469 studia
395 1447 403 1468 :
425 1435 482 1468 sed
497 1434 603 1468 simul
619 1434 766 1468 ambitio
783 1437 871 1468 mala
886 1460 896 1477 ‚

74 1486 188 1520 Simul
203 1484 379 1519 ferocibus
396 1484 486 1517 odiis
502 1483 685 1517 crudelitas

73 1534 282 1579 Exasperata
297 1560 310 1575 ,
322 1544 416 1568 nunc
431 1544 494 1577 per
510 1534 691 1566 occultum
706 1533 800 1567 nefas
815 1559 825 1573 ‚

75 1583 252 1628 Nuncque
268 1594 330 1628 per
346 1592 486 1627 apertos
505 1583 539 1615 &
554 1581 734 1616 violentos
751 1583 903 1626 impetus

22 1639 23 1645 ¹
37 1635 40 1639 ’
73 1631 215 1667 Patrare
231 1632 373 1665 suadent
389 1642 495 1665 omne
513 1629 701 1665 criminum
715 1643 823 1677 genus
839 1645 850 1670 -,

22 1724 24 1726 v
74 1681 153 1716 Nec
168 1680 340 1723 iudicatur
355 1679 535 1724 quidpiam
551 1680 713 1714 illicitum
727 1706 737 1722 ‚
754 1680 863 1714 modo

74 1730 172 1764 Huic
186 1729 391 1775 dignitatem
406 1729 544 1774 grandis
557 1740 706 1763 eventus
721 1739 830 1774 paret.

76 1779 191 1813 Simul
209 1789 312 1822 atque
328 1778 435 1812 sensit
450 1778 620 1812 fa&iones
635 1779 813 1823 improbas

77 1827 167 1861 Avis
185 1827 337 1861 modesta
348 1853 356 1868 ‚
376 1828 410 1860 &
429 1827 529 1860 ausus
543 1836 615 1861 tam
629 1827 780 1861 nefarios
795 1853 804 1868 ‚

78 1876 274 1910 Exhorruit
286 1902 294 1917 ‚
309 1877 343 1910 &
360 1876 515 1910 recessit.
533 1875 642 1910 Paulo
659 1875 735 1920 post
751 1876 849 1909 videt

80 1924 186 1967 Naue
203 1923 241 1960 in
257 1925 397 1961 reducta
410 1925 546 1969 serpere
563 1925 691 1959 illimes
710 1935 817 1970 aquas
833 1949 843 1965 ,

790 1971 887 2016 Gvi
