1225 2367
204 170 293 218 268
361 172 512 215 ΓΑΒ.
546 171 1028 219 AEsoPIARUM

201 253 269 286 Hic
283 279 290 293 ‚
305 252 410 285 nimis
425 262 526 285 acuta
539 251 669 296 frigora
681 253 853 296 quoniam
866 265 989 289 vetant

201 301 370 334 Dormire
382 327 390 340 ‚
406 301 524 333 secum
539 300 692 344 disputat
707 314 714 334 z
732 302 883 335 Parvum
899 303 964 337 tibi

201 350 325 383 Cubile
338 350 505 383 fabricare
517 375 526 389 ‚
541 351 621 382 dum
638 350 846 384 clementior

198 399 340 432 Sinebat
355 410 465 431 annus
478 424 486 438 ‚
501 399 583 431 dum
599 398 756 439 jacebant
768 410 831 442 per
842 399 919 434 vias

197 448 362 492 Virgulta
376 447 460 480 caesa
472 472 481 487 ‚
497 458 628 490 perque
642 458 744 491 agros
758 448 890 492 stipulae
904 451 1003 483 leves
1014 475 1025 491 ‚

197 497 380 538 Quantum
394 495 522 528 laboris
539 495 575 528 id
588 506 660 528 erat
669 522 678 536 ,
693 506 752 528 aut
765 496 960 532 industriae?

195 547 298 578 Nunc
310 545 422 578 facere
436 544 472 577 id
484 544 599 588 ipsum
613 545 692 578 cum
708 555 745 578 tu
762 547 874 578 velles
887 546 1044 582 maxime
1054 572 1067 589 ,

194 595 269 627 'Nec
284 593 347 627 tibi
364 593 509 626 materia
519 619 528 634 ‚
543 604 606 626 nec
621 593 685 626 tibi
697 593 791 627 vires
804 594 1007 638 suppetunt.

197 643 314 676 Perfer
326 653 444 675 tamen
457 668 466 683 ,
483 642 517 675 ὅ(
531 643 662 675 obdura
676 654 685 675 :
701 652 734 679 at
748 643 957 677 hanesimul
970 645 1069 678 Deus

195 691 434 724 Occasionem
448 691 607 724 retulerit
617 716 626 730 ‚
643 702 746 734 quam
761 702 853 724 nunc
866 691 964 737 piget

192 739 453 773 Praetermisiffe
465 765 474 779 ‚
489 750 533 771 ne
547 739 764 782 relinquatur
775 741 876 773 locus

194 790 326 822 Iterum
341 788 482 833 pigendi
493 814 503 828 ,
517 788 781 831 providebimus
797 801 806 826 3
821 799 934 822 ratum
948 789 1009 825 est.

193 839 331 881 Quibus
347 838 393 868 ita
409 836 606 869 constitutis
617 862 626 876 ‚
641 838 780 870 tandem
794 838 986 872 obdormiit
1002 851 1011 873 :

193 888 261 920 Sed
273 885 412 931 frigoris
427 885 466 917 vi
481 885 604 928 saepius
619 886 884 930 expergiscitur.

192 936 355 980 Exsurgit
370 947 376 966 :
393 944 488 966 artus
502 934 631 966 debiles
651 934 782 977 quassat
801 944 958 974 tremor;
1128 960 1158 963 «ff

194 987 305 1018 Crura
318 982 537 1027 obrigescunt
552 994 561 1020 ·‚
577 983 753 1015 ambulare
765 982 830 1015 vix
843 983 927 1017 licet
940 1010 950 1025 ‚

192 1035 235 1067 Et
249 1043 403 1077 quaerere
413 1057 421 1072 ,
438 1042 508 1075 quo
523 1032 671 1074 depellat
685 1031 911 1065 immodicam
925 1033 1067 1070 famem.

193 1082 252 1116 Sic
267 1081 404 1114 vivitur
414 1106 423 1120 ‚
437 1080 549 1112 hiems
563 1081 758 1123 usquedum
772 1080 960 1116 recess'erit.

192 1130 351 1164 Recessit
366 1142 373 1162 ε
389 1129 482 1161 arvis
502 1127 667 1160 floridum
681 1139 744 1161 ver
758 1128 906 1172 imperat
922 1142 931 1163 :

193 1179 353 1213 Succedit
366 1177 459 1216 aestas
474 1189 484 1215 ·‚
501 1176 640 1220 jamque
654 1177 753 1210 dives
772 1177 933 1211 imminet

192 1231 391 1261 Autumnus
406 1240 414 1260 :
430 1236 468 1258 ut
481 1227 588 1258 adhuc
605 1225 717 1270 igneis
730 1226 924 1269 vaporibus

193 1279 330 1310 Humus
348 1275 522 1314 aestuabat,
540 1274 599 1306 ille
616 1274 652 1307 in
667 1275 788 1307 umbra
800 1275 932 1309 scilicet

192 1326 389 1362 Decubuit3
406 1335 444 1356 ac
460 1325 541 1356 dum
556 1323 692 1356 anhelat
703 1349 711 1363 ‚
729 1323 762 1356 ἃ
779 1325 909 1356 collum
926 1324 959 1357 &
972 1325 1077 1368 pedes

192 1376 310 1418 Quam
326 1371 480 1406 maxime
493 1371 672 1415 protendit
684 1397 693 1412 ‚
712 1372 745 1404 &
760 1373 928 1417 languens
943 1372 1032 1415 jacet
1043 1398 1053 1414 ,

193 1425 328 1457 Cubilis
343 1421 445 1463 hujus
461 1420 552 1454 forte
566 1419 727 1453 meminit
739 1447 748 1460 ,
766 1422 860 1464 quod
876 1421 942 1454 sibi

192 1475 363 1507 Statuerat
378 1471 465 1503 olim
477 1469 640 1502 fabricare
656 1482 664 1501 ε
678 1470 723 1501 At
736 1470 809 1502 haec
823 1469 893 1502 mei

193 1523 344 1553 Videtur
357 1545 366 1559 ,
384 1518 498 1562 inquit
509 1543 518 1555 ,
533 1529 656 1561 magna
671 1517 802 1560 species
816 1516 974 1561 corporis
989 1520 996 1552 !

192 1571 277 1603 Non
289 1566 429 1601 hercule
443 1567 490 1599 ita
503 1566 577 1598 sum
592 1576 719 1608 parvus
731 1591 740 1605 ‚
755 1575 793 1597 ut
806 1576 1010 1609 putaveram
1024 1579 1034 1600 :

191 1620 322 1662 Aprum
337 1625 450 1648 autem
465 1615 641 1658 quodnam
656 1613 742 1646 mihi
755 1616 866 1647 cubile
882 1614 1076 1648 construam
1086 1619 1100 1656 ‚‘
1162 1610 1178 1645 f

192 1667 380 1710 Quodnam
395 1663 580 1695 aedificium
592 1689 600 1702 ‚
615 1672 653 1695 ut
667 1672 781 1695 tantus
798 1663 950 1696 habitem
963 1661 1180 1700 commode&
1198 1678 1199 1681 ¹

193 1717 308 1759 Atque
321 1715 386 1746 hos
403 1723 465 1755 per
481 1711 576 1744 cestus
593 1722 692 1755 agere
708 1710 790 1754 quid
806 1710 942 1754 possum
958 1712 1090 1746 miser?
1169 1714 1179 1742 ἴ

195 1763 395 1798 Consilium
409 1762 510 1793 inane
524 1760 689 1803 vitupero
705 1772 712 1792 :
727 1760 822 1792 vires
840 1771 933 1793 meas
944 1786 954 1801 ‚

192 1811 465 1853 Industriamque
482 1809 561 1841 talis
577 1809 760 1851 exsuperat
771 1809 880 1842 labor.
1166 1816 1173 1835 ’

242 1861 325 1893 Mos
338 1859 394 1892 hic
407 1858 587 1902 pigrorum
601 1857 648 1890 est
659 1883 668 1897 ,
681 1866 719 1889 ut
732 1858 821 1890 bona
833 1883 842 1897 ‚
858 1856 980 1901 quibus
994 1855 1175 1901 indigentss
1194 1861 1195 1865 ’

191 1910 316 1944 Nol'mt
328 1918 447 1956 parare
458 1932 467 1949 ,
481 1907 539 1944 ubi
551 1915 683 1951 queunt
696 1917 706 1944 ·,
720 1905 779 1940 uhi
795 1916 972 1950 nequeunt
981 1931 991 1948 ,
1005 1905 1132 1943 velint.
1161 1906 1171 1969 l

1170 1551 1178 1583 i
