1268 2361
156 129 328 173 LIBER
356 135 618 170 DECIMUS
647 135 922 180 QUARTUS.
960 139 1052 188 337

63 211 252 253 Quoddam
265 218 439 242 remotum
458 213 617 252 penetrat
630 219 640 245 ·,
654 207 839 251 ipsumque
855 207 994 242 invenit

63 259 264 292 Dominum
280 284 289 299 ‚
305 257 442 301 superbi
459 257 630 290 obesitate
645 256 806 299 corporis

65 308 118 341 Ita
134 307 341 351 impeditum
353 332 361 347 ‚
377 316 415 339 ut
429 305 570 348 spiritus
584 305 685 338 molli
701 314 784 338 toro

65 354 224 389 Reficere
240 364 422 400 cogeretur
438 354 541 387 etiam
558 353 721 387 interdiu.

64 404 108 438 In
120 404 213 437 hunc
226 403 397 444 iacentem
413 402 600 446 derepente
615 403 648 435 se
665 401 779 443 injicit
794 414 804 439 3

62 451 254 496 'Vexatque
271 463 402 485 nervos
419 476 428 492 ‚
443 451 618 494 hospitem
632 452 783 496 gaudens
800 450 902 484 suum

65 500 225 544 Torpere
241 500 380 545 penitus
392 526 400 540 ‚
418 499 622 543 culcitaeque
639 501 787 543 plumeae

65 549 211 583 Haerere
227 548 338 582 fixum
350 575 359 590 ‚
378 549 411 581 &
429 549 583 581 delicatis
599 549 632 581 se
648 548 734 581 cibis

40 631 42 633 ,
66 598 218 641 Implere
229 624 238 639 ,
257 599 290 631 ὅ(
306 597 391 642 ungi
407 597 545 630 lenibus
562 596 779 641 malagmatis
795 621 805 637 ‚

64 647 158 690 Quae
175 646 327 680 remedia
340 645 462 687 juvant
479 646 668 689 plurimum
686 646 795 689 ipsam
810 644 955 680 scilicet.

118 695 208 729 Suus
225 695 273 729 est
288 695 458 739 petendus
474 693 600 738 cuique
617 694 834 728 conveniens
851 696 966 730 locus,

195 799 224 825 ια
457 782 935 830 &a‘Yss———v

216 871 249 915 F
282 868 322 914 A
362 870 396 915 B
433 870 478 914 U
516 869 552 914 L
587 870 628 914 A
711 870 813 916 XI
849 873 908 917 V.

313 968 415 1021 Sol,
434 966 645 1020 Mons,&
668 968 824 1012 Vallis.

153 1053 158 1070 l

70 1035 186 1114 M
197 1089 223 1113 0
236 1089 261 1113 N
272 1090 289 1114 s
302 1106 311 1121 ,
328 1080 445 1114 nubila
461 1079 553 1113 inter
569 1080 701 1114 aridum
720 1082 874 1116 condens
893 1092 996 1127 caput
1007 1108 1018 1123 ,

70 1130 92 1165 J
97 1129 228 1162 aCtabat
244 1128 338 1162 astris
355 1129 596 1162 celsitudinem
610 1129 705 1162 suam
720 1156 729 1170 ‚

73 1178 215 1211 Dolens
234 1177 366 1210 interea
381 1178 510 1210 sortem
527 1177 640 1210 Vallis
658 1178 831 1221 proxima:
846 1205 855 1219 ‚

74 1225 317 1270 Miseransque
333 1236 433 1259 tanto
451 1226 642 1258 obnoxiam
659 1227 892 1271 contemptui.

73 1275 183 1308 Audit
199 1274 350 1308 micante
364 1286 466 1307 curru
480 1276 540 1306 Sol
555 1274 725 1307 revehens
740 1276 832 1308 diem
843 1301 852 1316 ‚

72 1322 118 1356 Et
135 1322 184 1355 sic
197 1323 337 1355 inanem
351 1322 511 1366 reprimit
527 1322 721 1365 superbiam
736 1335 744 1355 :

73 1371 200 1405 Insane
211 1397 220 1412 ‚
236 1370 318 1414 quid
330 1372 435 1403 habes
447 1396 455 1410 ‚
470 1370 542 1414 ipse
556 1381 618 1403 cur
633 1371 747 1414 possis
762 1371 830 1405 tibi

75 1419 215 1453 Placere
227 1419 364 1452 tantum
380 1421 392 1453 ἓ
408 1420 448 1451 de
464 1428 526 1451 tuo
543 1419 682 1452 excelso
699 1419 782 1465 jugo

75 1467 174 1510 Quid
189 1467 350 1512 gloriaris
366 1469 378 1501 ?
393 1467 440 1500 est
456 1467 548 1500 idem
563 1467 648 1500 illud
661 1468 841 1502 horridum
856 1495 866 1511 ,

74 1516 120 1549 Et
135 1516 357 1559 inhospitale.
371 1515 486 1548 Vallis
499 1516 574 1548 haec
590 1526 710 1549 contra
724 1516 812 1557 jacet

75 1564 232 1598 Humilis
246 1590 254 1604 ‚
269 1574 428 1608 amatque
443 1590 452 1604 ,
469 1565 581 1597 clausa
595 1565 709 1597 densis
727 1565 868 1600 saltibus
880 1592 890 1608 ‚

77 1612 201 1646 Latcre
216 1613 252 1645 in
269 1614 391 1646 umbra
404 1625 411 1645 :
432 1612 518 1646 rivis
534 1613 698 1646 uberibus
712 1623 851 1655 tamen,

77 1660 262 1704 Etiamque
279 1660 423 1693 flumine
439 1661 578 1706 irrigata
592 1687 601 1702 ,
618 1661 789 1705 plurimos

77 1709 193 1742 Habet
210 1710 358 1741 colonos
369 1735 379 1750 ,
393 1709 517 1756 quibus
533 1720 641 1754 opum
657 1712 782 1743 almam
799 1708 923 1745 sufficit

78 1757 288 1790 Idonearum
306 1757 446 1800 copiam
461 1783 471 1797 ‚
490 1759 523 1790 &
540 1768 670 1791 certam
687 1759 790 1794 simul

78 1805 298 1838 Felicitatem
316 1805 515 1850 singulatim
530 1805 666 1840 dividit.

131 1854 208 1886 Hos
222 1853 335 1886 fabula
351 1864 490 1894 monet,
507 1855 566 1897 qui
583 1854 744 1898 supremo
758 1856 798 1888 de
815 1856 921 1900 gradu

30 1929 34 1933 .
82 1901 176 1938 Cum
188 1911 324 1942 ceteros
341 1901 530 1948 despiciant
543 1928 552 1946 ‚
570 1903 714 1948 prosunt
727 1904 876 1944 nemini.
