1225 2367
183 140 269 183 142
335 120 1000 166 FAB.AESOPIARUM

173 204 292 238 Tanto
309 203 519 247 sapientibus
537 201 613 236 aliis
629 201 848 246 praestantior
862 228 871 243 ,

172 252 320 295 Quanto
338 252 395 285 ille
413 251 557 284 medicis
574 250 740 284 omnibus
758 250 863 296 longe
879 251 972 285 foret

174 301 427 334 Existimandus
441 299 578 333 doctior
592 326 601 341 ,
617 299 679 344 qui
696 299 860 332 suavibus

173 350 427 394 Quoscumque
444 350 589 382 morbos
607 348 770 381 remediis
788 348 990 392 depelleret.

306 436 1034 485 ,ξψΑᾘὲ-μ-ὲ--έ-ὶ·
1071 463 1074 466 >

388 526 824 572 FABULA
917 527 950 571 Ι.

337 622 497 666 Perdix
533 619 576 667 δ’
615 621 746 666 Canis
780 621 1008 667 venaticus.

181 692 303 773 Qu
316 745 341 769 o
354 745 378 768 R
389 746 411 769 E
431 734 559 769 Perdix
575 761 584 776 ,
602 747 678 781 quae
695 735 729 768 se
745 735 945 780 prodiderat
961 735 1023 770 suo
1037 761 1048 777 ,

175 785 390 819 Venaticum
410 784 596 818 consistere
613 783 729 818 subito
750 786 879 817 Canem
895 810 904 825 ‚

174 834 218 867 Et
232 834 409 867 subsidere
424 859 433 874 ‚
452 834 486 866 &
501 844 645 866 omnem
657 833 814 878 frangere
827 833 998 877 impetum
1010 858 1020 874 ,

177 883 220 915 Et
237 883 338 927 quasi
356 893 481 915 cavere
494 908 503 923 ,
520 893 564 914 ne
581 882 664 926 quid
680 882 835 915 officeret
847 908 855 922 ‚
872 882 998 916 videns
1011 907 1024 924 ,

175 931 275 964 Nihil
291 931 485 964 timendum
501 930 571 971 jam
587 931 654 964 sibi
670 929 736 964 effe
755 931 915 965 credidit.

177 980 245 1013 Sed
261 979 321 1012 ista
334 981 517 1013 volucrem
532 980 725 1023 decipiebat
742 981 918 1013 credulam

176 1028 322 1072 Species
339 1029 459 1061 dolosa
476 1028 564 1061 fidiae
579 1028 878 1066 mansuetudinis3

177 1077 327 1122 Eratque
344 1076 503 1121 signum,
517 1076 692 1122 gressibus
708 1077 823 1109 tacitis
839 1077 926 1110 hero

179 1126 258 1159 Huc
277 1126 310 1158 le
327 1125 513 1166 inferenti,
530 1127 643 1170 praeda
658 1136 697 1159 ut
710 1125 966 1159 innotesceret:

178 1174 221 1206 Et
237 1185 335 1207 rem
326 1174 382 1206 'ile
396 1173 539 1217 pulchre
556 1173 749 1218 intelligit·‚
768 1174 801 1206 ὅ(
816 1174 876 1207 ubi
890 1173 971 1206 satis
985 1198 998 1215 ,

177 1222 339 1256 Accessit
354 1248 362 1263 ,
379 1224 498 1266 aliquo
515 1232 612 1255 metu
626 1222 803 1255 Pei-dicem
818 1222 951 1255 excitat
963 1247 974 1264 ,

181 1272 223 1303 Et
239 1272 441 1304 avolantem
456 1270 581 1304 missili
596 1271 742 1315 plumbo
758 1281 870 1305 necat.

229 1320 400 1352 Nocitura
416 1331 607 1364 numquam
623 1319 749 1352 certius
766 1319 813 1352 est
828 1318 1025 1364 malignitas
1037 1341 1050 1361 ,

180 1367 298 1412 Quam
315 1368 393 1402 cum
409 1369 594 1412 personam
609 1368 762 1401 lenitatis
777 1369 901 1402 induit.

312 1457 780 1505 ,am-...ss‘gJ—-ss
1013 1469 1037 1494 ε·

383 1557 414 1600 F
449 1556 490 1600 A
524 1555 558 1599 B
594 1555 639 1600 U
673 1555 710 1599 L
745 1554 785 1598 A
880 1555 900 1600 I
932 1556 966 1600 Ι.

447 1650 599 1695 Viator
616 1646 658 1694 δ’
674 1649 904 1695 Ρίαταηιις.

182 1723 254 1798 L
270 1774 294 1797 A
307 1774 326 1798 B
340 1773 365 1797 o
379 1773 404 1797 R
415 1773 437 1797 E
449 1790 457 1805 ,
476 1763 510 1797 ἃ
526 1762 606 1796 aestu
623 1762 706 1796 solis
723 1761 958 1796 ardentissimi

181 1812 298 1848 Feffus
314 1813 462 1854 Viator,
480 1812 614 1845 Platani
630 1812 666 1844 in
681 1813 803 1844 umbra
818 1811 1002 1856 languidos

182 1862 343 1905 Deponit
359 1872 449 1894 artus
466 1874 473 1894 :
489 1862 639 1904 dumque
655 1860 890 1904 zephyrorum
907 1861 1006 1894 leves

180 1909 344 1944 Admittit
359 1921 458 1944 auras
475 1935 484 1951 ,
504 1910 537 1944 ἃ
552 1920 702 1953 vapores
718 1908 842 1954 igneos
