1268 2361
198 105 438 161 LIBER
498 111 875 158 QUARTUS.
973 112 1032 160 77

0 149 7 248 Ι
45 182 272 230 Similemque
285 186 406 218 blanda
424 184 605 217 meditanti
620 209 630 225 ,
645 184 762 216 Felem
779 181 936 227 adspicit.

0 248 5 279 ι
47 235 228 268 Mansueta
244 234 337 267 certe
352 233 455 266 bestia
470 259 479 274 ‚
497 232 612 276 inquit
626 257 635 273 ‚
652 243 696 264 en
717 231 806 264 adest
820 245 830 270 ·‚

0 283 5 332 ξ,
43 283 194 327 Ipsoque
210 284 312 316 vultu
328 282 433 326 spirat
451 280 718 314 sanfflmoniam
733 292 743 318 ·‚

45 331 146 365 Hanc
164 332 374 375 compellare
386 357 395 371 ‚
413 331 446 363 δε
460 356 470 370 ,
486 330 560 374 ipsa
576 329 607 362 si
623 340 696 362 non
710 329 837 362 abnuat
849 353 859 370 ,

45 379 263 413 Connestere
279 378 387 412 mode>
404 378 523 412 vincla
539 377 705 411 amicitiae
721 378 830 411 lubet.

45 427 190 461 Accedit
206 439 290 473 ergo
307 428 466 472 propius.
486 428 531 460 At
549 425 679 460 exertis
699 426 804 460 simul

43 475 211 524 “Improba
227 488 308 510 eum
324 476 416 510 Felis
428 476 604 521 unguibus
623 474 716 519 capit
731 498 740 515 ‚
758 475 791 507 ὅ(
808 482 921 508 vorat.

91 525 251 559 Modesta
267 525 400 569 species
414 535 487 558 non
499 524 681 558 hominem
695 523 851 556 sanctum
865 523 1000 567 probat.

487 602 645 650 §1522

234 691 266 734 F
300 691 339 734 A
376 690 409 734 B
446 690 489 734 U
525 689 561 733 L
595 688 634 731 A
727 690 770 734 V
806 690 838 734 I.

308 785 486 845 Invidus
510 783 552 829 δ’
575 786 763 829 Avarus.

163 621 198 648 ⁴·ss

41 858 93 936 ἶ
104 909 129 934 Ν
140 909 166 933 v
179 910 192 934 1
204 909 231 934 D
244 909 270 934 ο
286 926 295 942 ,
314 901 347 934 &
361 899 479 932 Avaro
493 898 631 944 Jupiter
648 899 824 943 quondam
841 897 963 932 annuit
973 922 983 940 ,

41 947 180 984 Peteret
195 950 359 983 alteruter
375 948 410 981 id
425 949 520 992 quod
533 958 670 992 optaret
684 973 693 988 ‚
711 947 824 981 statim

42 997 134 1033 Rem
149 998 377 1032 succeffuram
390 997 487 1030 votis
502 1009 510 1030 :
529 1007 563 1030 at
579 998 638 1030 lex
651 996 698 1030 est
713 1007 829 1030 tamen

42 1046 148 1080 Dieta
165 1073 174 1088 ‚
192 1057 231 1080 ut
244 1073 254 1087 ,
271 1045 405 1091 petenti
424 1045 592 1090 quidquid
609 1045 768 1078 alterutri
786 1046 904 1079 datum

43 1094 171 1128 Fuiffet
184 1121 194 1136 ‚
215 1097 359 1139 duplum
377 1093 586 1127 tribueretur
604 1094 716 1127 alteri.

41 1143 209 1189 Magnam
226 1142 384 1188 proseliti>
401 1143 536 1187 vixque
553 1142 754 1176 credibilem
768 1142 859 1177 mihi

42 1191 301 1237 Benignitatem
317 1191 473 1235 impertit
488 1191 592 1224 hodie
608 1191 764 1235 Jupiter,

44 1241 173 1274 Secum
186 1240 235 1274 ait
249 1242 386 1274 Avarus
401 1252 408 1273 ε
424 1238 532 1282 porri>
546 1250 611 1272 nos
630 1239 724 1272 illam
742 1241 841 1273 decet

41 1289 232 1333 Apponere
248 1290 350 1322 lucro
361 1315 370 1329 ‚
385 1288 488 1332 quam
503 1287 622 1321 licebit
641 1288 799 1321 maximo
814 1300 825 1326 3

42 1337 231 1372 Pareamus
245 1337 350 1383 igitur
366 1336 462 1370 votis
479 1336 756 1381 imprudentibus

41 1385 170 1420 Praeire
187 1385 298 1419 socio.
318 1386 385 1419 Pro
400 1385 457 1418 sua
470 1395 569 1429 parte
584 1385 731 1418 Invidus

43 1434 185 1468 Attenta
202 1444 317 1468 mente
334 1433 462 1478 pariter
477 1433 597 1467 omnia
614 1434 783 1477 ponderat
798 1447 808 1472 ·,

45 1482 299 1528 Postquamque
309 1508 318 1523 ‚
333 1494 376 1516 ne
393 1482 477 1527 quid
492 1492 616 1526 peccet
629 1482 831 1526 imprudens
843 1508 852 1524 ‚
866 1482 946 1516 satis

45 1531 121 1564 Sibi
133 1530 331 1576 praecaviss‘e
348 1531 443 1564 visus
459 1531 506 1564 est
520 1557 528 1571 ,
545 1531 614 1564 edit
630 1531 729 1576 prior

46 1579 115 1614 Sua
130 1589 214 1613 vota
229 1592 238 1618 3
255 1580 288 1613 &
304 1590 394 1614 unus
414 1579 564 1623 postulat
579 1581 706 1613 oculus
723 1579 794 1614 sibi

45 1628 96 1662 Ut
110 1638 247 1662 eruatur
261 1641 269 1662 ι
284 1628 382 1662 socio
399 1628 559 1674 geminos
572 1627 646 1661 erui

24 1680 31 1692 '
43 1675 122 1710 Hac
137 1678 295 1710 mercede
312 1677 399 1710 velit
412 1702 420 1717 ‚
439 1688 504 1710 nec
520 1678 599 1710 leve
616 1686 752 1720 reputat
764 1678 911 1712 lucrum.

94 1725 164 1758 Ubi
180 1724 282 1770 fingit
297 1725 427 1769 aliquid
444 1724 510 1758 effe
525 1736 714 1759 venturum
730 1726 815 1758 boni

48 1773 186 1820 Cupido
202 1785 291 1810 caeca
303 1800 312 1817 ,
327 1773 472 1821 negligit
488 1774 637 1818 praesens
655 1775 799 1808 malum.

740 1940 774 1974 D
797 1938 837 1982 iij
