1268 2361
187 122 418 167 LIBER
477 131 884 169 SEPTIMUS.
960 141 1049 186 147

61 203 733 253 Qx-ffissfiffoess—
738 224 780 230 —-

607 224 1039 248 —-—————-.o·

248 292 279 337 F
313 290 351 335 A
387 291 420 336 B
456 291 502 337 U
537 292 572 337 L
609 292 650 337 A
741 294 760 338 Ι
793 292 855 338 Χ.

297 386 492 432 ῘῙίνιιηᾶο
515 385 558 433 6¹
577 387 807 448 Luscinius.

56 455 170 538 Gn
183 511 199 536 s
211 510 235 535 τ
247 510 273 535 R
283 510 305 535 E
318 510 337 535 ι’
349 510 372 535 ε
384 510 408 534 R
420 511 441 535 E
460 501 563 535 solita
585 502 779 546 quamlibet
794 502 885 538 circa
905 505 1050 541 domum

52 551 217 585 Hirundo
233 577 242 589 .
260 561 437 584 amoenam
453 550 545 584 forte
559 551 785 585 solitudinem
797 579 806 593 ‚

54 600 218 635 Perierat.
237 600 291 635 Ibi
303 600 508 633 Luscinium
521 626 529 641 ‚
546 600 608 644 qui
623 602 724 634 lauro
742 602 844 646 super

54 649 204 683 Virente
220 649 374 693 placidus
393 649 562 682 otiaretur
573 675 582 690 ‚
599 650 724 682 videns
740 663 747 683 :

54 699 188 732 Suaves
205 709 338 731 canoro
355 708 495 743 gutture
511 707 544 730 te
560 698 702 742 quidem
718 699 834 733 ferunt

54 746 223 780 Emittere
239 747 346 780 sonos
358 772 366 787 ‚
385 746 475 780 dixit
489 759 499 782 ε
517 746 565 779 nil
583 757 701 780 tamen
716 747 882 782 haetenus

53 795 233 838 Ejusmodi
251 806 296 829 ex
311 805 346 829 te
362 795 480 829 audire
497 795 599 829 nohis
618 795 768 841 contigit
786 809 794 829 :

53 845 129 890 Ego
145 843 234 878 vero
251 844 383 889 ubique
400 844 590 888 personans
607 870 616 885 ,
631 845 733 878 vocis
748 856 834 878 meae

53 893 225 938 Impertio
245 894 369 927 lubens
387 893 552 927 omnibus
571 893 814 929 dulcedinem:

53 942 101 976 At
118 952 155 975 tu
171 942 318 976 canendi
336 941 522 986 singularis
542 942 669 976 artifex

54 992 94 1025 Si
108 991 184 1034 jure
201 990 325 1025 diceris
338 1017 347 1032 ,
362 991 463 1025 urbes
482 1002 543 1025 cur
560 991 670 1036 porro
687 991 778 1037 fugis
793 1018 803 1033 ,

52 1040 326 1085 Hominumque
343 1042 481 1075 coetus?
500 1051 542 1074 ne
560 1041 626 1074 tibi
643 1042 761 1075 laudes
779 1052 909 1087 negent

55 1089 201 1123 Meritas
214 1115 223 1130 ‚
240 1088 374 1123 vereris
388 1090 401 1122 .>
421 1100 466 1122 an
482 1089 586 1122 times
601 1089 720 1133 potius
737 1115 746 1131 ‚
763 1099 860 1124 tuam

55 1138 152 1171 Dum
170 1137 329 1172 conscius
347 1137 420 1181 ipse
437 1138 596 1183 agnoscis
615 1138 852 1182 imperitiam,

54 1187 110 1221 Ne
126 1186 218 1221 sorte
235 1198 354 1220 coram
372 1186 544 1227 judicibus
562 1187 700 1220 idoneis

57 1235 194 1270 Sistaris
211 1236 406 1269 irridendus
424 1248 434 1273 ·,
449 1236 482 1268 &
499 1246 563 1277 pru
572 1238 650 1268 iens
666 1237 753 1268 lates
768 1238 782 1270 ?

105 1284 242 1318 Retu1it
258 1283 440 1317 Luscinius
456 1297 464 1317 :
480 1284 589 1316 Urbes
602 1309 611 1324 ,
629 1284 663 1316 &
677 1284 840 1318 homines
856 1284 1004 1329 habent,

57 1333 148 1376 Quae
166 1332 253 1366 mihi
267 1333 404 1376 placere
421 1342 603 1375 poterant:
622 1342 742 1365 tamen
758 1343 836 1366 ante
853 1335 974 1368 omnia

58 1382 189 1415 Molles
206 1381 299 1415 beati
315 1381 404 1414 ruris
421 1381 552 1414 deliciae
572 1382 711 1425 placent
727 1393 737 1418 ·‚

18 1439 20 1442 ’
57 1431 108 1464 Ac
124 1431 215 1464 inter
231 1430 307 1463 illas
323 1430 448 1463 vivere
467 1430 501 1463 &
515 1430 606 1463 mori
623 1430 732 1463 velim

57 1479 246 1525 Inglorius.
263 1480 407 1512 Huncce
424 1488 485 1512 cur
501 1478 606 1511 libeat
620 1489 757 1511 morem
773 1478 894 1523 sequi,

58 1529 194 1572 Turpes
211 1527 299 1562 mihi
315 1527 430 1560 causas
448 1527 633 1572 imperiti:
652 1527 795 1569 objici53

58 1578 196 1611 Tamen
213 1577 285 1620 ipse
301 1576 413 1609 dicam
428 1575 634 1619 simpliciter
652 1588 659 1608 ε
678 1587 798 1609 cantus
816 1588 916 1612 meos

59 1627 154 1660 Dare
170 1625 422 1659 combibendos
439 1625 594 1658 delicatis
612 1624 754 1658 auribus

60 1673 214 1708 Minim'e
231 1673 385 1707 recusem
404 1698 413 1713 ,
428 1673 458 1706 si
475 1684 542 1717 qua
559 1673 747 1706 necessitis
761 1674 847 1707 ferat
863 1687 874 1712 ·‚

61 1725 184 1767 Neque
201 1733 257 1755 me
274 1721 429 1764 despicio
445 1747 454 1762 ‚
468 1733 582 1767 neque
599 1722 732 1765 peritos
750 1721 880 1762 judices

60 1771 239 1806 Horresco
255 1770 353 1804 stulte
370 1770 514 1803 timidus
529 1783 536 1803 z
558 1779 592 1803 at
606 1770 705 1804 facile
721 1770 769 1803 est
785 1771 872 1806 mihi

61 1820 170 1855 Urbis
185 1830 300 1853 carere
317 1819 525 1851 turbulentis
544 1817 677 1852 aestibus
689 1845 698 1860 ,

28 1876 30 1879 ’
59 1867 274 1913 Placiioque
291 1867 380 1900 ruris
395 1866 473 1900 otio
490 1867 588 1900 dulce
604 1866 651 1899 est
667 1866 746 1901 frui.

61 1918 187 1963 Neque
205 1927 241 1952 te
257 1915 379 1952 videre
393 1913 531 1962 poffum
548 1914 632 1962 quid
646 1915 895 2000 tann‘unguvet

833 1977 858 2010 ¹1
