1268 2361
179 129 347 175 LlssER
381 138 643 174 DECIMUS
682 136 964 182 QUINTUJ.
1001 141 1095 193 395

98 210 297 256 Videtque,
315 211 531 256 gaudetque,
545 220 585 243 ut
602 210 619 244 J
625 220 731 244 ovem
749 209 893 255 quidem
910 211 1030 244 decet·
1022 233 1036 250 ,

97 260 151 294 Ita
167 270 284 294 tamen
299 261 442 305 gaudet,
460 269 500 293 ut
512 258 696 293 hominem
713 268 796 292 tunc
813 259 959 294 diceres.

96 309 260 350 Interea,
276 320 419 342 amoeno
435 308 547 342 cineta
564 308 808 352 Nympharum
823 319 950 354 grege,

98 357 230 391 Natura
248 358 350 393 stabat
365 358 549 402 proprium
564 357 737 390 admirans
754 368 868 401 opus:

98 405 220 440 Oculo
237 407 346 453 sagaci
363 407 528 451 perspicit
542 406 748 451 aliquandiu

96 453 242 489 Penitus
254 456 466 501 penitusque
477 481 485 496 ,
503 455 651 488 sollicita
662 480 671 495 ,
688 465 731 487 ne
749 453 833 498 quid
848 454 911 488 suo

97 504 252 538 Decor-is
268 507 412 538 alumno
428 505 517 538 desit
528 530 538 545 ,
551 503 676 537 ultima
692 505 786 547 quod
799 514 922 537 manus

97 552 258 595 Adjicere
274 553 409 598 possit:
427 563 466 586 ut
478 553 646 597 probavit
663 552 784 585 omnia
800 565 809 586 :

97 601 224 636 Cresce
238 627 249 643 ‚
265 604 387 643 decus,
404 601 538 647 inquit,
555 612 578 634 0
594 612 711 634 meum
726 613 736 639 ·,
752 601 884 642 cresce,
903 612 925 634 0
942 612 1020 636 mea

97 650 224 684 Dulcis
237 652 402 695 voluptas
417 663 428 690 ;
443 660 549 696 teque
564 650 633 692 jam
645 676 654 691 ‚
671 659 850 694 quotquot
867 650 997 685 micant

96 699 141 732 In
156 699 252 733 Orbe
266 700 370 733 flores
383 726 392 740 ,
408 700 522 744 capite
538 698 717 733 summiss'o
731 700 862 735 colant.

98 748 205 785 Dixit
219 761 229 787 ·‚
246 748 428 793 statimque
445 749 560 793 seligit
574 747 678 781 fidam
693 759 711 780 e
727 747 797 780 suis

100 797 300 831 Comitibus
317 809 421 831 unam
433 824 442 838 ,
459 796 664 842 praevalenti
681 807 832 840 corpore
847 821 856 836 ‚

98 845 282 891 Vultuque
293 872 302 887 ‚
319 848 456 880 Floram
469 872 479 887 ,
494 846 640 879 candido
658 845 692 879 &
709 845 939 879 rubicundulo
955 858 969 884 ·‚

97 894 141 927 Et
155 897 294 928 mandat
305 921 314 936 ‚
330 895 437 939 opera
455 895 583 928 Lilium
599 894 735 928 assidua
751 893 851 936 juvet
864 920 874 936 ,

100 945 280 989 Curasque
294 945 417 977 alendo
433 943 546 977 sedula
559 954 683 977 omnes
698 944 867 977 conferat.

99 992 146 1025 At
160 992 218 1026 illa
233 1018 242 1033 ,
258 1002 358 1026 tanto
373 992 509 1025 honore
525 993 676 1038 gaudens
693 1018 702 1032 ,
717 992 837 1025 exsilit
851 1003 862 1029 ·,

99 1040 283 1085 Simulque
299 1041 425 1085 retegit
441 1040 588 1074 nectaris
604 1043 728 1085 plenos
744 1040 839 1073 sinus
851 1065 862 1081 ,

99 1089 304 1134 Succosque
317 1089 450 1130 fundit,
464 1101 553 1133 quos
570 1116 577 1129 ‚
595 1089 704 1122 futuri
719 1088 871 1132 praesciae
886 1115 897 1130 ‚

98 1137 176 1172 Jam
190 1138 421 1182 praepararant
436 1148 536 1172 antea
552 1137 639 1171 Vita
657 1140 689 1171 &
703 1137 818 1171 Salus.

150 1186 232 1229 Quo
251 1186 339 1220 dista
353 1185 507 1231 spe&ent
521 1212 531 1228 ‚
547 1187 625 1220 laeta
640 1186 744 1220 novit
761 1185 891 1221 Gallia.

463 1275 957 1324 -.-5,4‘,{‘oe-=‘-¹=-—-——v·

315 1361 878 1409 EPJLOGUS.

103 1434 196 1511 H
209 1487 222 1510 1
235 1486 251 1510 s
271 1476 405 1510 lusibus
421 1488 489 1522 ego
506 1476 678 1511 leniebam
695 1477 835 1510 taedium
846 1502 856 1518 ,

101 1526 140 1560 Si
157 1527 252 1570 quod
264 1535 336 1559 erat
348 1551 356 1566 ,
373 1535 410 1558 ut
426 1525 485 1565 fit,
503 1525 702 1559 solitudinis
717 1537 802 1559 meae
817 1537 829 1563 ·,

92 1575 144 1608 'Et
159 1574 370 1607 verisimiles
389 1573 659 1607 comminiscens
674 1574 806 1607 fabulas
817 1599 828 1614 ,

102 1622 194 1666 Apt'e
210 1622 376 1667 loquendi
394 1633 538 1655 munera
554 1634 628 1655 non
640 1622 748 1656 modo
762 1622 876 1656 bestiis
892 1648 903 1664 ,

104 1671 172 1705 Sed
188 1672 289 1704 rebus
306 1671 411 1704 etiam
426 1682 502 1714 quae
519 1681 635 1704 carent
652 1671 750 1704 sensu
761 1697 770 1711 ,
788 1672 909 1704 dabam
922 1682 935 1709 ;

103 1719 348 1763 Mundumque
362 1720 539 1753 tentabam
554 1719 758 1752 universum
775 1721 916 1754 reddere

102 1768 353 1808 Vocaliorem,
367 1778 406 1800 ut
421 1767 501 1800 inde
515 1767 630 1812 possit
646 1769 687 1801 ad
698 1770 812 1801 bonos

103 1815 239 1860 Regina
252 1814 365 1849 nostra
379 1817 455 1849 haec
471 1816 560 1849 ratio
577 1826 693 1849 mores
710 1816 844 1849 instrui.

107 1865 181 1897 Nec
196 1865 347 1908 poenitet
363 1875 439 1905 me,
457 1865 552 1908 quod
565 1864 797 1898 inhonoratos
813 1864 888 1898 dies

106 1912 286 1947 Tenuibus
299 1913 393 1948 hisce
407 1912 544 1947 deditus
555 1912 673 1947 studiis
687 1923 809 1959 agam:

232 1291 256 1315 ·ss

816 1958 913 2003 Rv}
