<?xml version="1.0" encoding="UTF-8"?>
<!DOCTYPE html PUBLIC "-//W3C//DTD XHTML 1.0 Transitional//EN"
    "http://www.w3.org/TR/xhtml1/DTD/xhtml1-transitional.dtd">
<html xmlns="http://www.w3.org/1999/xhtml" xml:lang="en" lang="en">
 <head>
  <title>
</title>
<meta http-equiv="Content-Type" content="text/html;charset=utf-8" />
  <meta name='ocr-system' content='tesseract 3.04.00' />
  <meta name='ocr-capabilities' content='ocr_page ocr_carea ocr_par ocr_line ocrx_word'/>
</head>
<body>
  <div class='ocr_page' id='page_1' title='image "./fabulaeaesopiaec00desbuoft_0375.png"; bbox 0 0 1268 2361; ppageno 0'>
   <div class='ocr_carea' id='block_1_1' title="bbox 148 107 1053 169">
    <p class='ocr_par' dir='ltr' id='par_1_1' title="bbox 148 107 1053 169">
     <span class='ocr_line' id='line_1_1' title="bbox 148 107 1053 169; baseline 0.001 -17"><span class='ocrx_word' id='word_1_1' title='bbox 148 107 319 153; x_wconf 75' lang='lat' dir='ltr'><em>LzBER</em></span> <span class='ocrx_word' id='word_1_2' title='bbox 350 117 613 151; x_wconf 75' lang='lat' dir='ltr'><em>DECIMUS</em></span> <span class='ocrx_word' id='word_1_3' title='bbox 649 117 925 161; x_wconf 80' lang='lat' dir='ltr'><em>QUARTUS.</em></span> <span class='ocrx_word' id='word_1_4' title='bbox 966 121 1053 169; x_wconf 77' lang='lat'>331</span> 
     </span>
    </p>
   </div>
   <div class='ocr_carea' id='block_1_2' title="bbox 18 187 939 1934">
    <p class='ocr_par' dir='ltr' id='par_1_2' title="bbox 18 187 925 427">
     <span class='ocr_line' id='line_1_2' title="bbox 18 187 904 232; baseline 0.001 -10"><span class='ocrx_word' id='word_1_5' title='bbox 18 212 19 218; x_wconf 61' lang='lat'>,</span> <span class='ocrx_word' id='word_1_6' title='bbox 68 188 160 222; x_wconf 84' lang='lat' dir='ltr'>Tum</span> <span class='ocrx_word' id='word_1_7' title='bbox 177 189 316 223; x_wconf 86' lang='lat' dir='ltr'>senior:</span> <span class='ocrx_word' id='word_1_8' title='bbox 332 187 396 222; x_wconf 87' lang='lat' dir='ltr'>Iste</span> <span class='ocrx_word' id='word_1_9' title='bbox 410 188 519 229; x_wconf 82' lang='lat' dir='ltr'>ridet,</span> <span class='ocrx_word' id='word_1_10' title='bbox 534 187 650 232; x_wconf 91' lang='lat' dir='ltr'>inquit</span> <span class='ocrx_word' id='word_1_11' title='bbox 663 212 673 227; x_wconf 87' lang='lat'><strong>‚</strong></span> <span class='ocrx_word' id='word_1_12' title='bbox 691 198 757 220; x_wconf 87' lang='lat' dir='ltr'>nos</span> <span class='ocrx_word' id='word_1_13' title='bbox 773 187 904 223; x_wconf 87' lang='lat' dir='ltr'>homo:</span> 
     </span>
     <span class='ocr_line' id='line_1_3' title="bbox 66 236 844 282; baseline -0.001 -11"><span class='ocrx_word' id='word_1_14' title='bbox 66 238 190 282; x_wconf 89' lang='lat' dir='ltr'><strong>Neque</strong></span> <span class='ocrx_word' id='word_1_15' title='bbox 204 240 297 271; x_wconf 86' lang='lat' dir='ltr'>nulla</span> <span class='ocrx_word' id='word_1_16' title='bbox 308 264 317 278; x_wconf 83' lang='lat'>,</span> <span class='ocrx_word' id='word_1_17' title='bbox 333 248 394 271; x_wconf 87' lang='lat' dir='ltr'>cur</span> <span class='ocrx_word' id='word_1_18' title='bbox 407 238 457 271; x_wconf 88' lang='lat' dir='ltr'>sic</span> <span class='ocrx_word' id='word_1_19' title='bbox 473 237 582 270; x_wconf 86' lang='lat' dir='ltr'>rideat</span> <span class='ocrx_word' id='word_1_20' title='bbox 592 262 602 278; x_wconf 92' lang='lat'><strong>‚</strong></span> <span class='ocrx_word' id='word_1_21' title='bbox 616 237 705 269; x_wconf 89' lang='lat' dir='ltr'>ratio</span> <span class='ocrx_word' id='word_1_22' title='bbox 722 236 844 270; x_wconf 87' lang='lat' dir='ltr'>subest.</span> 
     </span>
     <span class='ocr_line' id='line_1_4' title="bbox 67 285 904 332; baseline -0.001 -12"><span class='ocrx_word' id='word_1_23' title='bbox 67 287 308 320; x_wconf 85' lang='lat' dir='ltr'>Conscendere</span> <span class='ocrx_word' id='word_1_24' title='bbox 323 286 430 332; x_wconf 88' lang='lat' dir='ltr'>igitur</span> <span class='ocrx_word' id='word_1_25' title='bbox 442 287 480 320; x_wconf 87' lang='lat' dir='ltr'>in</span> <span class='ocrx_word' id='word_1_26' title='bbox 491 286 641 319; x_wconf 85' lang='lat' dir='ltr'>Asinum</span> <span class='ocrx_word' id='word_1_27' title='bbox 657 297 723 319; x_wconf 86' lang='lat' dir='ltr'>nos</span> <span class='ocrx_word' id='word_1_28' title='bbox 737 285 880 329; x_wconf 86' lang='lat' dir='ltr'>expedit</span> <span class='ocrx_word' id='word_1_29' title='bbox 894 297 904 320; x_wconf 74' lang='grc' dir='ltr'><strong>ε</strong></span> 
     </span>
     <span class='ocr_line' id='line_1_5' title="bbox 63 335 925 381; baseline 0.001 -13"><span class='ocrx_word' id='word_1_30' title='bbox 63 335 173 377; x_wconf 79' lang='lat' dir='ltr'>Acer,</span> <span class='ocrx_word' id='word_1_31' title='bbox 188 336 385 381; x_wconf 85' lang='lat' dir='ltr'>vigensque</span> <span class='ocrx_word' id='word_1_32' title='bbox 398 335 446 368; x_wconf 89' lang='lat' dir='ltr'>est</span> <span class='ocrx_word' id='word_1_33' title='bbox 459 348 470 374; x_wconf 86' lang='lat'>·‚</span> <span class='ocrx_word' id='word_1_34' title='bbox 483 335 584 369; x_wconf 78' lang='lat' dir='ltr'>facile</span> <span class='ocrx_word' id='word_1_35' title='bbox 597 346 662 368; x_wconf 89' lang='lat' dir='ltr'>nos</span> <span class='ocrx_word' id='word_1_36' title='bbox 677 335 781 367; x_wconf 89' lang='lat' dir='ltr'>ambo</span> <span class='ocrx_word' id='word_1_37' title='bbox 795 335 925 369; x_wconf 84' lang='lat' dir='ltr'>vehet:</span> 
     </span>
     <span class='ocr_line' id='line_1_6' title="bbox 63 382 780 427; baseline 0 -11"><span class='ocrx_word' id='word_1_38' title='bbox 63 382 107 416; x_wconf 84' lang='lat' dir='ltr'>Et</span> <span class='ocrx_word' id='word_1_39' title='bbox 118 385 192 418; x_wconf 82' lang='lat' dir='ltr'>haec</span> <span class='ocrx_word' id='word_1_40' title='bbox 205 386 343 418; x_wconf 88' lang='lat' dir='ltr'>locutus</span> <span class='ocrx_word' id='word_1_41' title='bbox 355 410 363 425; x_wconf 87' lang='lat'><strong>‚</strong></span> <span class='ocrx_word' id='word_1_42' title='bbox 381 384 457 426; x_wconf 80' lang='lat' dir='ltr'>ejus</span> <span class='ocrx_word' id='word_1_43' title='bbox 473 395 590 417; x_wconf 88' lang='lat' dir='ltr'>armos</span> <span class='ocrx_word' id='word_1_44' title='bbox 607 394 755 427; x_wconf 88' lang='lat' dir='ltr'>occupat</span> <span class='ocrx_word' id='word_1_45' title='bbox 768 395 780 421; x_wconf 91' lang='lat'>·,</span> 
     </span>
    </p>

    <p class='ocr_par' dir='ltr' id='par_1_3' title="bbox 63 432 760 467">
     <span class='ocr_line' id='line_1_7' title="bbox 63 432 760 467; baseline 0 -2"><span class='ocrx_word' id='word_1_46' title='bbox 63 432 114 465; x_wconf 86' lang='lat' dir='ltr'>Ac</span> <span class='ocrx_word' id='word_1_47' title='bbox 128 433 251 467; x_wconf 88' lang='lat' dir='ltr'>deinde</span> <span class='ocrx_word' id='word_1_48' title='bbox 267 435 406 467; x_wconf 88' lang='lat' dir='ltr'>lumbos</span> <span class='ocrx_word' id='word_1_49' title='bbox 422 432 516 467; x_wconf 84' lang='lat' dir='ltr'>filius</span> <span class='ocrx_word' id='word_1_50' title='bbox 530 433 622 466; x_wconf 89' lang='lat' dir='ltr'>levis</span> <span class='ocrx_word' id='word_1_51' title='bbox 636 432 760 466; x_wconf 80' lang='lat' dir='ltr'>insilit.</span> 
     </span>
    </p>

    <p class='ocr_par' dir='ltr' id='par_1_4' title="bbox 59 479 939 770">
     <span class='ocr_line' id='line_1_8' title="bbox 63 479 840 522; baseline 0.001 -9"><span class='ocrx_word' id='word_1_52' title='bbox 63 479 200 516; x_wconf 77' lang='lat' dir='ltr'>&#39;Verum</span> <span class='ocrx_word' id='word_1_53' title='bbox 215 493 297 516; x_wconf 86' lang='lat' dir='ltr'>ecce</span> <span class='ocrx_word' id='word_1_54' title='bbox 314 492 525 516; x_wconf 82' lang='lat' dir='ltr'>mercatores</span> <span class='ocrx_word' id='word_1_55' title='bbox 541 483 733 515; x_wconf 85' lang='lat' dir='ltr'>accelerant</span> <span class='ocrx_word' id='word_1_56' title='bbox 749 482 819 514; x_wconf 87' lang='lat' dir='ltr'>duo</span> <span class='ocrx_word' id='word_1_57' title='bbox 830 506 840 522; x_wconf 94' lang='lat'>‚</span> 
     </span>
     <span class='ocr_line' id='line_1_9' title="bbox 62 529 856 575; baseline 0 -13"><span class='ocrx_word' id='word_1_58' title='bbox 62 529 260 574; x_wconf 91' lang='lat' dir='ltr'>Vicemque</span> <span class='ocrx_word' id='word_1_59' title='bbox 276 531 419 575; x_wconf 89' lang='lat' dir='ltr'>pecudis</span> <span class='ocrx_word' id='word_1_60' title='bbox 434 531 548 564; x_wconf 84' lang='lat' dir='ltr'>obiter</span> <span class='ocrx_word' id='word_1_61' title='bbox 564 530 738 571; x_wconf 79' lang='lat' dir='ltr'>objiciunt</span> <span class='ocrx_word' id='word_1_62' title='bbox 750 529 856 570; x_wconf 86' lang='lat' dir='ltr'>Seni,</span> 
     </span>
     <span class='ocr_line' id='line_1_10' title="bbox 62 577 911 624; baseline 0 -13"><span class='ocrx_word' id='word_1_63' title='bbox 62 577 177 612; x_wconf 89' lang='lat' dir='ltr'>Oneri</span> <span class='ocrx_word' id='word_1_64' title='bbox 190 579 334 613; x_wconf 86' lang='lat' dir='ltr'>ferendo</span> <span class='ocrx_word' id='word_1_65' title='bbox 351 579 433 613; x_wconf 89' lang='lat' dir='ltr'>huic</span> <span class='ocrx_word' id='word_1_66' title='bbox 446 579 578 624; x_wconf 82' lang='lat' dir='ltr'>duplici</span> <span class='ocrx_word' id='word_1_67' title='bbox 592 580 721 623; x_wconf 81' lang='lat' dir='ltr'>quippe</span> <span class='ocrx_word' id='word_1_68' title='bbox 739 578 885 622; x_wconf 83' lang='lat' dir='ltr'>imparis</span> <span class='ocrx_word' id='word_1_69' title='bbox 899 589 911 617; x_wconf 71' lang='grc' dir='ltr'><strong>ς</strong></span> 
     </span>
     <span class='ocr_line' id='line_1_11' title="bbox 61 626 939 673; baseline 0 -13"><span class='ocrx_word' id='word_1_70' title='bbox 61 626 303 673; x_wconf 82' lang='lat' dir='ltr'>Quaeruntque</span> <span class='ocrx_word' id='word_1_71' title='bbox 315 654 323 669; x_wconf 89' lang='lat'><strong><em>‚</em></strong></span> <span class='ocrx_word' id='word_1_72' title='bbox 340 630 493 662; x_wconf 89' lang='lat' dir='ltr'>vendere</span> <span class='ocrx_word' id='word_1_73' title='bbox 507 627 673 661; x_wconf 88' lang='lat' dir='ltr'>nundinis</span> <span class='ocrx_word' id='word_1_74' title='bbox 688 628 771 672; x_wconf 90' lang='lat' dir='ltr'>quid</span> <span class='ocrx_word' id='word_1_75' title='bbox 784 627 939 672; x_wconf 83' lang='lat' dir='ltr'>cogitet,</span> 
     </span>
     <span class='ocr_line' id='line_1_12' title="bbox 59 675 866 719; baseline 0.004 -11"><span class='ocrx_word' id='word_1_76' title='bbox 59 675 218 719; x_wconf 82' lang='lat' dir='ltr'>Ipsamne</span> <span class='ocrx_word' id='word_1_77' title='bbox 234 677 418 711; x_wconf 86' lang='lat' dir='ltr'>viventem</span> <span class='ocrx_word' id='word_1_78' title='bbox 429 702 438 718; x_wconf 92' lang='lat'>,</span> <span class='ocrx_word' id='word_1_79' title='bbox 453 687 496 710; x_wconf 82' lang='lat' dir='ltr'>an</span> <span class='ocrx_word' id='word_1_80' title='bbox 510 676 645 709; x_wconf 87' lang='lat' dir='ltr'>corium</span> <span class='ocrx_word' id='word_1_81' title='bbox 660 677 866 711; x_wconf 77' lang='lat' dir='ltr'>demortuae.</span> 
     </span>
     <span class='ocr_line' id='line_1_13' title="bbox 59 723 781 770; baseline 0 -13"><span class='ocrx_word' id='word_1_82' title='bbox 59 723 262 769; x_wconf 86' lang='lat' dir='ltr'>Respondet</span> <span class='ocrx_word' id='word_1_83' title='bbox 278 725 338 759; x_wconf 89' lang='lat' dir='ltr'>ille</span> <span class='ocrx_word' id='word_1_84' title='bbox 354 738 362 759; x_wconf 80' lang='lat' dir='ltr'>z</span> <span class='ocrx_word' id='word_1_85' title='bbox 377 724 521 769; x_wconf 83' lang='lat' dir='ltr'>pecudis</span> <span class='ocrx_word' id='word_1_86' title='bbox 539 724 694 770; x_wconf 80' lang='lat' dir='ltr'>egregias</span> <span class='ocrx_word' id='word_1_87' title='bbox 712 724 781 757; x_wconf 76' lang='lat' dir='ltr'>suae</span> 
     </span>
    </p>

    <p class='ocr_par' dir='ltr' id='par_1_5' title="bbox 58 772 808 864">
     <span class='ocr_line' id='line_1_14' title="bbox 59 772 808 811; baseline 0 -6"><span class='ocrx_word' id='word_1_88' title='bbox 59 772 171 807; x_wconf 79' lang='lat' dir='ltr'>Notas</span> <span class='ocrx_word' id='word_1_89' title='bbox 185 774 252 808; x_wconf 89' lang='lat' dir='ltr'>sibi</span> <span class='ocrx_word' id='word_1_90' title='bbox 268 773 334 808; x_wconf 79' lang='lat' dir='ltr'>esse</span> <span class='ocrx_word' id='word_1_91' title='bbox 348 774 443 807; x_wconf 80' lang='lat' dir='ltr'>vires</span> <span class='ocrx_word' id='word_1_92' title='bbox 459 786 468 811; x_wconf 93' lang='lat'>·‚</span> <span class='ocrx_word' id='word_1_93' title='bbox 483 783 549 807; x_wconf 87' lang='lat' dir='ltr'>nec</span> <span class='ocrx_word' id='word_1_94' title='bbox 563 772 674 806; x_wconf 88' lang='lat' dir='ltr'>metui</span> <span class='ocrx_word' id='word_1_95' title='bbox 686 773 808 806; x_wconf 83' lang='lat' dir='ltr'>locum</span> 
     </span>
     <span class='ocr_line' id='line_1_15' title="bbox 58 820 759 864; baseline 0 -10"><span class='ocrx_word' id='word_1_96' title='bbox 58 820 180 856; x_wconf 89' lang='lat' dir='ltr'>Ullum</span> <span class='ocrx_word' id='word_1_97' title='bbox 195 821 325 857; x_wconf 79' lang='lat' dir='ltr'>suhefi‘e</span> <span class='ocrx_word' id='word_1_98' title='bbox 337 847 345 864; x_wconf 77' lang='grc'>,</span> <span class='ocrx_word' id='word_1_99' title='bbox 359 832 403 856; x_wconf 92' lang='lat' dir='ltr'>ne</span> <span class='ocrx_word' id='word_1_100' title='bbox 417 821 552 856; x_wconf 83' lang='lat' dir='ltr'>fatiscat</span> <span class='ocrx_word' id='word_1_101' title='bbox 567 833 575 855; x_wconf 70' lang='grc' dir='ltr'><strong><em>ε</em></strong></span> <span class='ocrx_word' id='word_1_102' title='bbox 593 821 627 854; x_wconf 89' lang='lat' dir='ltr'>se</span> <span class='ocrx_word' id='word_1_103' title='bbox 641 831 759 855; x_wconf 88' lang='lat' dir='ltr'>tamen</span> 
     </span>
    </p>

    <p class='ocr_par' dir='ltr' id='par_1_6' title="bbox 58 867 761 914">
     <span class='ocr_line' id='line_1_16' title="bbox 58 867 761 914; baseline -0.001 -11"><span class='ocrx_word' id='word_1_104' title='bbox 58 867 158 904; x_wconf 84' lang='lat' dir='ltr'>Inani</span> <span class='ocrx_word' id='word_1_105' title='bbox 171 881 294 904; x_wconf 84' lang='lat' dir='ltr'>eorum</span> <span class='ocrx_word' id='word_1_106' title='bbox 311 870 463 905; x_wconf 84' lang='lat' dir='ltr'>consilio</span> <span class='ocrx_word' id='word_1_107' title='bbox 477 870 582 904; x_wconf 82' lang='lat' dir='ltr'>malle</span> <span class='ocrx_word' id='word_1_108' title='bbox 594 868 761 914; x_wconf 80' lang='lat' dir='ltr'>obsequi,</span> 
     </span>
    </p>

    <p class='ocr_par' dir='ltr' id='par_1_7' title="bbox 54 918 911 1255">
     <span class='ocr_line' id='line_1_17' title="bbox 57 918 773 963; baseline -0.001 -11"><span class='ocrx_word' id='word_1_109' title='bbox 57 918 112 952; x_wconf 87' lang='lat' dir='ltr'>Ne</span> <span class='ocrx_word' id='word_1_110' title='bbox 125 919 287 963; x_wconf 85' lang='lat' dir='ltr'>pertinax</span> <span class='ocrx_word' id='word_1_111' title='bbox 303 920 457 953; x_wconf 89' lang='lat' dir='ltr'>dicatur:</span> <span class='ocrx_word' id='word_1_112' title='bbox 477 929 523 954; x_wconf 85' lang='lat' dir='ltr'>ex</span> <span class='ocrx_word' id='word_1_113' title='bbox 537 918 650 952; x_wconf 87' lang='lat' dir='ltr'>Asino</span> <span class='ocrx_word' id='word_1_114' title='bbox 667 918 773 952; x_wconf 83' lang='lat' dir='ltr'>simul</span> 
     </span>
     <span class='ocr_line' id='line_1_18' title="bbox 56 966 870 1013; baseline -0.001 -13"><span class='ocrx_word' id='word_1_115' title='bbox 56 967 208 1009; x_wconf 83' lang='lat' dir='ltr'>Desilit,</span> <span class='ocrx_word' id='word_1_116' title='bbox 229 968 262 1001; x_wconf 70' lang='grc' dir='ltr'>δε</span> <span class='ocrx_word' id='word_1_117' title='bbox 278 968 433 1013; x_wconf 86' lang='lat' dir='ltr'>equitem</span> <span class='ocrx_word' id='word_1_118' title='bbox 449 966 563 1001; x_wconf 84' lang='lat' dir='ltr'>filium</span> <span class='ocrx_word' id='word_1_119' title='bbox 579 966 735 1011; x_wconf 86' lang='lat' dir='ltr'>sequitur</span> <span class='ocrx_word' id='word_1_120' title='bbox 751 967 870 1011; x_wconf 85' lang='lat' dir='ltr'>pedes.</span> 
     </span>
     <span class='ocr_line' id='line_1_19' title="bbox 58 1014 911 1060; baseline -0.001 -10"><span class='ocrx_word' id='word_1_121' title='bbox 58 1015 210 1058; x_wconf 81' lang='lat' dir='ltr'>Quidam</span> <span class='ocrx_word' id='word_1_122' title='bbox 227 1016 340 1050; x_wconf 86' lang='lat' dir='ltr'>severi</span> <span class='ocrx_word' id='word_1_123' title='bbox 356 1015 434 1060; x_wconf 73' lang='lat' dir='ltr'>post</span> <span class='ocrx_word' id='word_1_124' title='bbox 446 1014 554 1060; x_wconf 74' lang='lat' dir='ltr'>paulo</span> <span class='ocrx_word' id='word_1_125' title='bbox 570 1025 759 1049; x_wconf 78' lang='lat' dir='ltr'>occurrunt</span> <span class='ocrx_word' id='word_1_126' title='bbox 775 1016 881 1049; x_wconf 86' lang='lat' dir='ltr'>Senes</span> <span class='ocrx_word' id='word_1_127' title='bbox 897 1039 911 1057; x_wconf 80' lang='lat'>‚</span> 
     </span>
     <span class='ocr_line' id='line_1_20' title="bbox 56 1063 761 1110; baseline 0 -13"><span class='ocrx_word' id='word_1_128' title='bbox 56 1063 100 1097; x_wconf 87' lang='lat' dir='ltr'>Et</span> <span class='ocrx_word' id='word_1_129' title='bbox 115 1065 356 1099; x_wconf 86' lang='lat' dir='ltr'>Adolescentis</span> <span class='ocrx_word' id='word_1_130' title='bbox 370 1065 492 1110; x_wconf 84' lang='lat' dir='ltr'>ignavi</span> <span class='ocrx_word' id='word_1_131' title='bbox 506 1063 761 1108; x_wconf 83' lang='lat' dir='ltr'>impudentiam</span> 
     </span>
     <span class='ocr_line' id='line_1_21' title="bbox 57 1111 842 1157; baseline 0 -11"><span class='ocrx_word' id='word_1_132' title='bbox 57 1113 209 1157; x_wconf 67' lang='lat' dir='ltr'>Coepere</span> <span class='ocrx_word' id='word_1_133' title='bbox 222 1113 339 1148; x_wconf 86' lang='lat' dir='ltr'>verbis</span> <span class='ocrx_word' id='word_1_134' title='bbox 355 1113 534 1157; x_wconf 83' lang='lat' dir='ltr'>increpare</span> <span class='ocrx_word' id='word_1_135' title='bbox 546 1114 637 1146; x_wconf 86' lang='lat' dir='ltr'>haud</span> <span class='ocrx_word' id='word_1_136' title='bbox 652 1111 817 1146; x_wconf 82' lang='lat' dir='ltr'>mollibus</span> <span class='ocrx_word' id='word_1_137' title='bbox 832 1124 842 1146; x_wconf 71' lang='grc' dir='ltr'>ε</span> 
     </span>
     <span class='ocr_line' id='line_1_22' title="bbox 56 1161 806 1206; baseline -0.001 -12"><span class='ocrx_word' id='word_1_138' title='bbox 56 1161 194 1196; x_wconf 80' lang='lat' dir='ltr'>Habere</span> <span class='ocrx_word' id='word_1_139' title='bbox 213 1173 339 1195; x_wconf 76' lang='lat' dir='ltr'>canum</span> <span class='ocrx_word' id='word_1_140' title='bbox 353 1162 580 1206; x_wconf 87' lang='lat' dir='ltr'>pedisequum</span> <span class='ocrx_word' id='word_1_141' title='bbox 593 1162 665 1194; x_wconf 82' lang='lat' dir='ltr'>n&#39;m&#39;</span> <span class='ocrx_word' id='word_1_142' title='bbox 682 1162 806 1194; x_wconf 83' lang='lat' dir='ltr'>audeas</span> 
     </span>
     <span class='ocr_line' id='line_1_23' title="bbox 54 1210 758 1255; baseline -0.001 -12"><span class='ocrx_word' id='word_1_143' title='bbox 54 1210 224 1244; x_wconf 88' lang='lat' dir='ltr'>Imberbis</span> <span class='ocrx_word' id='word_1_144' title='bbox 236 1237 245 1252; x_wconf 84' lang='lat'>‚</span> <span class='ocrx_word' id='word_1_145' title='bbox 260 1211 294 1244; x_wconf 67' lang='grc' dir='ltr'>ὃ(</span> <span class='ocrx_word' id='word_1_146' title='bbox 309 1210 360 1245; x_wconf 86' lang='lat' dir='ltr'>sic</span> <span class='ocrx_word' id='word_1_147' title='bbox 373 1211 591 1255; x_wconf 83' lang='lat' dir='ltr'>negligenter</span> <span class='ocrx_word' id='word_1_148' title='bbox 607 1210 734 1242; x_wconf 83' lang='lat' dir='ltr'>devehi</span> <span class='ocrx_word' id='word_1_149' title='bbox 750 1234 758 1249; x_wconf 87' lang='lat'><strong>‚</strong></span> 
     </span>
    </p>

    <p class='ocr_par' dir='ltr' id='par_1_8' title="bbox 54 1256 929 1595">
     <span class='ocr_line' id='line_1_24' title="bbox 54 1256 869 1305; baseline -0.001 -13"><span class='ocrx_word' id='word_1_150' title='bbox 54 1258 154 1292; x_wconf 89' lang='lat' dir='ltr'>Dum</span> <span class='ocrx_word' id='word_1_151' title='bbox 166 1261 307 1292; x_wconf 89' lang='lat' dir='ltr'>vetulus</span> <span class='ocrx_word' id='word_1_152' title='bbox 324 1258 414 1305; x_wconf 74' lang='lat' dir='ltr'>aegre</span> <span class='ocrx_word' id='word_1_153' title='bbox 428 1258 574 1303; x_wconf 88' lang='lat' dir='ltr'>pedibus</span> <span class='ocrx_word' id='word_1_154' title='bbox 588 1257 716 1301; x_wconf 83' lang='lat' dir='ltr'>afi‘equi</span> <span class='ocrx_word' id='word_1_155' title='bbox 729 1256 841 1300; x_wconf 85' lang='lat' dir='ltr'>potest</span> <span class='ocrx_word' id='word_1_156' title='bbox 855 1258 869 1291; x_wconf 82' lang='lat'>.&gt;</span> 
     </span>
     <span class='ocr_line' id='line_1_25' title="bbox 54 1306 905 1352; baseline -0.004 -11"><span class='ocrx_word' id='word_1_157' title='bbox 54 1307 237 1341; x_wconf 87' lang='lat' dir='ltr'>Descende</span> <span class='ocrx_word' id='word_1_158' title='bbox 256 1307 345 1341; x_wconf 74' lang='lat' dir='ltr'>vero</span> <span class='ocrx_word' id='word_1_159' title='bbox 361 1320 371 1344; x_wconf 92' lang='lat'>·‚</span> <span class='ocrx_word' id='word_1_160' title='bbox 390 1308 424 1341; x_wconf 70' lang='grc' dir='ltr'>ὅ(</span> <span class='ocrx_word' id='word_1_161' title='bbox 439 1307 511 1352; x_wconf 89' lang='lat' dir='ltr'>ipse</span> <span class='ocrx_word' id='word_1_162' title='bbox 526 1306 640 1350; x_wconf 86' lang='lat' dir='ltr'>capiat</span> <span class='ocrx_word' id='word_1_163' title='bbox 655 1307 745 1339; x_wconf 84' lang='lat' dir='ltr'>hunc</span> <span class='ocrx_word' id='word_1_164' title='bbox 760 1308 877 1339; x_wconf 90' lang='lat' dir='ltr'>locum</span> <span class='ocrx_word' id='word_1_165' title='bbox 893 1330 905 1347; x_wconf 86' lang='lat'>‚</span> 
     </span>
     <span class='ocr_line' id='line_1_26' title="bbox 54 1354 829 1401; baseline 0 -12"><span class='ocrx_word' id='word_1_166' title='bbox 54 1356 173 1398; x_wconf 86' lang='lat' dir='ltr'>Quem</span> <span class='ocrx_word' id='word_1_167' title='bbox 186 1356 250 1389; x_wconf 88' lang='lat' dir='ltr'>tibi</span> <span class='ocrx_word' id='word_1_168' title='bbox 265 1356 417 1401; x_wconf 84' lang='lat' dir='ltr'>relinqui</span> <span class='ocrx_word' id='word_1_169' title='bbox 433 1356 524 1389; x_wconf 79' lang='lat' dir='ltr'>ratio</span> <span class='ocrx_word' id='word_1_170' title='bbox 539 1355 631 1388; x_wconf 61' lang='lat' dir='ltr'>recia</span> <span class='ocrx_word' id='word_1_171' title='bbox 644 1366 718 1388; x_wconf 90' lang='lat' dir='ltr'>non</span> <span class='ocrx_word' id='word_1_172' title='bbox 733 1354 829 1389; x_wconf 88' lang='lat' dir='ltr'>sinit.</span> 
     </span>
     <span class='ocr_line' id='line_1_27' title="bbox 54 1403 929 1448; baseline -0.003 -10"><span class='ocrx_word' id='word_1_173' title='bbox 54 1405 147 1438; x_wconf 87' lang='lat' dir='ltr'>Tum</span> <span class='ocrx_word' id='word_1_174' title='bbox 165 1404 324 1438; x_wconf 83' lang='lat' dir='ltr'>Rusticus</span> <span class='ocrx_word' id='word_1_175' title='bbox 340 1418 347 1438; x_wconf 75' lang='grc' dir='ltr'><em>τ</em></span> <span class='ocrx_word' id='word_1_176' title='bbox 366 1406 467 1438; x_wconf 87' lang='lat' dir='ltr'>Nunc</span> <span class='ocrx_word' id='word_1_177' title='bbox 483 1404 590 1437; x_wconf 89' lang='lat' dir='ltr'>video</span> <span class='ocrx_word' id='word_1_178' title='bbox 606 1430 615 1444; x_wconf 87' lang='lat'>‚</span> <span class='ocrx_word' id='word_1_179' title='bbox 628 1414 721 1439; x_wconf 90' lang='lat' dir='ltr'>nunc</span> <span class='ocrx_word' id='word_1_180' title='bbox 739 1403 899 1448; x_wconf 86' lang='lat' dir='ltr'>intelligo</span> <span class='ocrx_word' id='word_1_181' title='bbox 914 1427 929 1444; x_wconf 25' lang='lat'>‚-</span> 
     </span>
     <span class='ocr_line' id='line_1_28' title="bbox 54 1453 852 1498; baseline 0 -12"><span class='ocrx_word' id='word_1_182' title='bbox 54 1453 209 1486; x_wconf 87' lang='lat' dir='ltr'>Difficile</span> <span class='ocrx_word' id='word_1_183' title='bbox 227 1453 331 1498; x_wconf 78' lang='lat' dir='ltr'>quam</span> <span class='ocrx_word' id='word_1_184' title='bbox 348 1453 393 1487; x_wconf 88' lang='lat' dir='ltr'>sit</span> <span class='ocrx_word' id='word_1_185' title='bbox 410 1453 644 1487; x_wconf 84' lang='lat' dir='ltr'>obsecundare</span> <span class='ocrx_word' id='word_1_186' title='bbox 661 1453 824 1486; x_wconf 87' lang='lat' dir='ltr'>omnibus</span> <span class='ocrx_word' id='word_1_187' title='bbox 843 1464 852 1486; x_wconf 89' lang='lat'>:</span> 
     </span>
     <span class='ocr_line' id='line_1_29' title="bbox 54 1501 852 1545; baseline -0.001 -10"><span class='ocrx_word' id='word_1_188' title='bbox 54 1503 176 1535; x_wconf 88' lang='lat' dir='ltr'>Adhuc</span> <span class='ocrx_word' id='word_1_189' title='bbox 191 1512 307 1535; x_wconf 86' lang='lat' dir='ltr'>tamen</span> <span class='ocrx_word' id='word_1_190' title='bbox 321 1504 430 1535; x_wconf 84' lang='lat' dir='ltr'>aleam</span> <span class='ocrx_word' id='word_1_191' title='bbox 451 1501 517 1535; x_wconf 81' lang='lat' dir='ltr'>effe</span> <span class='ocrx_word' id='word_1_192' title='bbox 532 1503 729 1535; x_wconf 81' lang='lat' dir='ltr'>tentandam</span> <span class='ocrx_word' id='word_1_193' title='bbox 745 1512 852 1545; x_wconf 89' lang='lat' dir='ltr'>puto:</span> 
     </span>
     <span class='ocr_line' id='line_1_30' title="bbox 54 1550 735 1595; baseline 0.001 -12"><span class='ocrx_word' id='word_1_194' title='bbox 54 1551 234 1584; x_wconf 87' lang='lat' dir='ltr'>Descende</span> <span class='ocrx_word' id='word_1_195' title='bbox 246 1577 255 1592; x_wconf 83' lang='lat'><em>‚</em></span> <span class='ocrx_word' id='word_1_196' title='bbox 271 1550 334 1591; x_wconf 69' lang='lat' dir='ltr'>fili.</span> <span class='ocrx_word' id='word_1_197' title='bbox 352 1551 423 1594; x_wconf 87' lang='lat' dir='ltr'>Qui</span> <span class='ocrx_word' id='word_1_198' title='bbox 437 1551 572 1595; x_wconf 87' lang='lat' dir='ltr'>paterni</span> <span class='ocrx_word' id='word_1_199' title='bbox 585 1550 735 1592; x_wconf 80' lang='lat' dir='ltr'>jussibus</span> 
     </span>
    </p>

    <p class='ocr_par' dir='ltr' id='par_1_9' title="bbox 53 1598 898 1789">
     <span class='ocr_line' id='line_1_31' title="bbox 55 1598 737 1642; baseline 0 -10"><span class='ocrx_word' id='word_1_200' title='bbox 55 1598 146 1632; x_wconf 74' lang='lat' dir='ltr'>cum</span> <span class='ocrx_word' id='word_1_201' title='bbox 159 1598 322 1642; x_wconf 75' lang='lat' dir='ltr'>paruisset</span> <span class='ocrx_word' id='word_1_202' title='bbox 333 1626 341 1639; x_wconf 84' lang='lat'>,</span> <span class='ocrx_word' id='word_1_203' title='bbox 356 1600 414 1633; x_wconf 83' lang='lat' dir='ltr'>ine</span> <span class='ocrx_word' id='word_1_204' title='bbox 431 1600 468 1633; x_wconf 89' lang='lat' dir='ltr'>in</span> <span class='ocrx_word' id='word_1_205' title='bbox 480 1598 553 1641; x_wconf 80' lang='lat' dir='ltr'>ejus</span> <span class='ocrx_word' id='word_1_206' title='bbox 568 1600 602 1632; x_wconf 91' lang='lat' dir='ltr'>se</span> <span class='ocrx_word' id='word_1_207' title='bbox 615 1601 737 1633; x_wconf 87' lang='lat' dir='ltr'>locum</span> 
     </span>
     <span class='ocr_line' id='line_1_32' title="bbox 54 1647 898 1693; baseline 0.002 -13"><span class='ocrx_word' id='word_1_208' title='bbox 54 1647 249 1681; x_wconf 82' lang='lat' dir='ltr'>Substituit.</span> <span class='ocrx_word' id='word_1_209' title='bbox 268 1648 413 1692; x_wconf 87' lang='lat' dir='ltr'>Aliquot</span> <span class='ocrx_word' id='word_1_210' title='bbox 427 1648 493 1681; x_wconf 83' lang='lat' dir='ltr'>vix</span> <span class='ocrx_word' id='word_1_211' title='bbox 506 1647 618 1693; x_wconf 83' lang='lat' dir='ltr'>passus</span> <span class='ocrx_word' id='word_1_212' title='bbox 635 1648 870 1691; x_wconf 70' lang='lat' dir='ltr'>processerant</span> <span class='ocrx_word' id='word_1_213' title='bbox 887 1661 898 1688; x_wconf 76' lang='lat'>3</span> 
     </span>
     <span class='ocr_line' id='line_1_33' title="bbox 53 1695 850 1741; baseline 0.003 -13"><span class='ocrx_word' id='word_1_214' title='bbox 53 1695 188 1740; x_wconf 88' lang='lat' dir='ltr'>Ingruit</span> <span class='ocrx_word' id='word_1_215' title='bbox 206 1696 239 1728; x_wconf 71' lang='grc' dir='ltr'>ὅ(</span> <span class='ocrx_word' id='word_1_216' title='bbox 252 1695 417 1740; x_wconf 88' lang='lat' dir='ltr'>obstrepit</span> <span class='ocrx_word' id='word_1_217' title='bbox 429 1708 473 1729; x_wconf 89' lang='lat' dir='ltr'>en</span> <span class='ocrx_word' id='word_1_218' title='bbox 487 1699 680 1741; x_wconf 86' lang='lat' dir='ltr'>puellarum</span> <span class='ocrx_word' id='word_1_219' title='bbox 698 1698 824 1730; x_wconf 84' lang='lat' dir='ltr'>cohors</span> <span class='ocrx_word' id='word_1_220' title='bbox 840 1709 850 1735; x_wconf 90' lang='lat'>·‚</span> 
     </span>
     <span class='ocr_line' id='line_1_34' title="bbox 53 1744 732 1789; baseline 0.004 -13"><span class='ocrx_word' id='word_1_221' title='bbox 53 1744 152 1786; x_wconf 84' lang='lat' dir='ltr'>Quas</span> <span class='ocrx_word' id='word_1_222' title='bbox 169 1744 260 1777; x_wconf 86' lang='lat' dir='ltr'>inter</span> <span class='ocrx_word' id='word_1_223' title='bbox 273 1755 341 1778; x_wconf 88' lang='lat' dir='ltr'>una</span> <span class='ocrx_word' id='word_1_224' title='bbox 357 1746 480 1779; x_wconf 84' lang='lat' dir='ltr'>ceteris</span> <span class='ocrx_word' id='word_1_225' title='bbox 495 1745 710 1789; x_wconf 84' lang='lat' dir='ltr'>petulantior</span> <span class='ocrx_word' id='word_1_226' title='bbox 725 1759 732 1779; x_wconf 92' lang='lat'><strong>:</strong></span> 
     </span>
    </p>

    <p class='ocr_par' dir='ltr' id='par_1_10' title="bbox 54 1792 917 1934">
     <span class='ocr_line' id='line_1_35' title="bbox 54 1792 917 1838; baseline 0.002 -13"><span class='ocrx_word' id='word_1_227' title='bbox 54 1792 146 1834; x_wconf 85' lang='lat' dir='ltr'>Quis</span> <span class='ocrx_word' id='word_1_228' title='bbox 159 1793 251 1826; x_wconf 90' lang='lat' dir='ltr'>hunc</span> <span class='ocrx_word' id='word_1_229' title='bbox 263 1793 434 1836; x_wconf 85' lang='lat' dir='ltr'>patienter</span> <span class='ocrx_word' id='word_1_230' title='bbox 445 1820 453 1833; x_wconf 91' lang='lat'><strong>‚</strong></span> <span class='ocrx_word' id='word_1_231' title='bbox 469 1794 586 1838; x_wconf 91' lang='lat' dir='ltr'>inquit</span> <span class='ocrx_word' id='word_1_232' title='bbox 598 1820 608 1834; x_wconf 90' lang='lat'>,</span> <span class='ocrx_word' id='word_1_233' title='bbox 620 1795 917 1827; x_wconf 83' lang='lat' dir='ltr'>adolescentulum</span> 
     </span>
     <span class='ocr_line' id='line_1_36' title="bbox 54 1840 805 1886; baseline 0 -12"><span class='ocrx_word' id='word_1_234' title='bbox 54 1840 113 1874; x_wconf 85' lang='lat' dir='ltr'>Sic</span> <span class='ocrx_word' id='word_1_235' title='bbox 128 1841 269 1884; x_wconf 71' lang='lat' dir='ltr'>pedibus</span> <span class='ocrx_word' id='word_1_236' title='bbox 285 1841 333 1874; x_wconf 87' lang='lat' dir='ltr'>ire</span> <span class='ocrx_word' id='word_1_237' title='bbox 349 1842 467 1875; x_wconf 87' lang='lat' dir='ltr'>videat</span> <span class='ocrx_word' id='word_1_238' title='bbox 478 1868 489 1883; x_wconf 82' lang='lat'><strong><em>‚</em></strong></span> <span class='ocrx_word' id='word_1_239' title='bbox 502 1843 536 1875; x_wconf 75' lang='grc' dir='ltr'>ὃ(</span> <span class='ocrx_word' id='word_1_240' title='bbox 552 1853 662 1886; x_wconf 87' lang='lat' dir='ltr'>prope</span> <span class='ocrx_word' id='word_1_241' title='bbox 679 1842 805 1875; x_wconf 78' lang='lat' dir='ltr'>confici</span> 
     </span>
     <span class='ocr_line' id='line_1_37' title="bbox 55 1889 817 1934; baseline 0.001 -11"><span class='ocrx_word' id='word_1_242' title='bbox 55 1889 188 1925; x_wconf 80' lang='lat' dir='ltr'>Labore</span> <span class='ocrx_word' id='word_1_243' title='bbox 198 1916 208 1931; x_wconf 88' lang='lat'>,</span> <span class='ocrx_word' id='word_1_244' title='bbox 223 1891 303 1924; x_wconf 86' lang='lat' dir='ltr'>dum</span> <span class='ocrx_word' id='word_1_245' title='bbox 320 1889 380 1925; x_wconf 87' lang='lat' dir='ltr'>iste</span> <span class='ocrx_word' id='word_1_246' title='bbox 393 1891 514 1926; x_wconf 84' lang='lat' dir='ltr'>bardus</span> <span class='ocrx_word' id='word_1_247' title='bbox 528 1891 566 1926; x_wconf 92' lang='lat' dir='ltr'>in</span> <span class='ocrx_word' id='word_1_248' title='bbox 577 1890 690 1926; x_wconf 81' lang='lat' dir='ltr'>Asino</span> <span class='ocrx_word' id='word_1_249' title='bbox 704 1891 796 1926; x_wconf 87' lang='lat' dir='ltr'>sedet</span> <span class='ocrx_word' id='word_1_250' title='bbox 806 1916 817 1934; x_wconf 81' lang='lat'>‚</span> 
     </span>
    </p>
   </div>
   <div class='ocr_carea' id='block_1_3' title="bbox 0 1952 479 2361">
    <p class='ocr_par' dir='ltr' id='par_1_11' title="bbox 0 1952 479 2361">
     <span class='ocr_line' id='line_1_38' title="bbox 0 1952 479 2361; baseline 0 0"><span class='ocrx_word' id='word_1_251' title='bbox 0 1952 479 2361; x_wconf 95' lang='lat' dir='ltr'> </span> 
     </span>
    </p>
   </div>
  </div>
 </body>
</html>
