1225 2367
211 133 301 180 292
369 117 1037 166 FAB.AESOP1ARUM

603 197 1193 245 —asse‘zffi=ffl

346 287 377 331 F
403 287 442 330 A
470 286 503 330 B
534 286 578 330 U
607 286 642 330 L
670 285 708 329 A
787 285 835 331 X
864 285 1053 334 XIX.

472 382 612 426 Arion
639 382 678 425 δ’
703 382 916 442 Delphin.

228 215 253 239 ·ss

201 457 287 532 R
302 508 323 532 E
336 507 361 529 v
374 507 389 531 1
401 507 417 531 s
430 507 452 531 E
465 506 490 530 R
501 506 524 530 E
541 498 668 530 volens
688 495 888 538 Graeciam,
905 496 982 531 suas
999 507 1088 542 opes

200 549 243 580 Et
258 560 282 579 v
287 547 369 580 itam
386 546 498 580 Arion
514 545 674 579 fluetibus
689 546 933 587 commiserat,

198 596 394 640 Nautisque
410 595 604 629 flueluum
597 606 663 628 iras
680 606 718 628 ac
734 595 840 629 furias
857 594 964 629 maris

197 645 422 679 Immanitate
439 645 570 678 nefaria
589 644 845 688 superantibus.

248 695 325 728 Jam
339 694 559 727 vorticosum
576 693 786 726 sentiebatur
802 693 931 726 fretum

197 743 326 776 Maleae
341 755 351 781 3
365 742 536 776 Taenariis
552 741 622 783 jam
637 741 896 786 propinquabat
911 741 996 776 ratis

197 791 376 825 Litoribus
394 804 401 824 :
420 792 519 824 undae
538 791 725 835 naufragiis
743 790 983 834 compluribus

196 841 348 874 'infames
366 842 501 873 nullum
518 851 591 872 non
606 838 715 872 modo
731 839 901 872 salubrem
917 850 1052 875 metum

198 890 346 922 Faciunt
362 889 510 922 scelestis
526 901 536 924 ·‚
551 888 610 921 sed
625 889 730 921 etiam
747 887 943 932 periculum

198 938 394 972 Paratiores
413 940 455 971 ad
468 938 580 971 scelus
595 948 658 970 eos
680 937 795 970 efficit.

200 988 364 1020 Statuunt
379 987 414 1019 in
435 998 556 1031 aequor
573 986 799 1019 innocentem
811 984 946 1018 Ariona

199 1036 384 1077 Deficere,
401 1046 440 1068 ut
456 1036 530 1076 ejus
547 1036 672 1068 habere
689 1034 831 1067 divitias
849 1043 1001 1078 queant:

199 1085 470 1118 Tumultuantes
486 1084 674 1117 consilium
692 1083 900 1116 denuntiant

199 1135 317 1167 Fatale
336 1146 343 1166 ε
363 1133 396 1166 se
410 1134 503 1166 ultro
520 1132 637 1165 mittat
652 1132 689 1164 in
703 1132 806 1176 ponti
823 1131 919 1165 sinus
934 1157 946 1174 ,

200 1182 281 1215 Nisi
294 1182 386 1215 forte
406 1182 506 1214 malit
522 1181 617 1214 mitti
632 1181 792 1214 violenta
809 1191 929 1215 manu.

198 1232 262 1264 Ille
278 1231 429 1264 furiosos
447 1230 542 1275 pofi'e
559 1230 690 1274 placari
706 1240 831 1274 putans
846 1255 856 1270 ‚

201 1280 283 1322 Qua
300 1281 519 1323 praecellebat
537 1289 609 1312 arte
624 1279 758 1312 musica
774 1305 783 1319 ,
801 1287 903 1323 rogat

199 1329 344 1362 Cithara
357 1355 366 1370 ‚
380 1339 459 1361 ante
475 1339 628 1361 mortem
642 1354 651 1370 ‚
668 1329 786 1361 ludere
801 1328 905 1360 liceat
921 1325 1000 1362 sibi.

199 1377 328 1411 Sinunt
340 1403 348 1419 ‚
365 1378 467 1410 inane
485 1377 598 1421 capiat
613 1378 681 1409 hoc
697 1376 861 1410 solatium
876 1389 884 1410 :

197 1427 424 1470 Deproperet
440 1436 555 1459 autem
568 1452 576 1467 ‚
595 1426 755 1459 absolvat
772 1422 954 1468 extemplo
966 1450 975 1464 ‚
993 1432 1156 1462 monent.

199 1476 339 1519 Incepit
356 1488 363 1508 :
382 1475 544 1508 homines
564 1474 613 1506 nil
630 1484 821 1506 moventur
837 1472 972 1506 barbari
988 1485 996 1506 ε

199 1524 246 1556 At
266 1524 332 1556 vix
349 1534 498 1556 canoros
513 1522 622 1555 audiit
636 1521 793 1566 Delphin
807 1522 913 1554 sonos
928 1547 937 1562 ,

199 1573 342 1605 Attollit
359 1573 399 1604 ab
417 1572 514 1615 aquis
533 1581 636 1615 caput
653 1583 662 1607 ·‚
682 1571 715 1603 ὅ(
730 1572 800 1603 huc
814 1571 905 1603 unde
921 1569 1064 1604 advenit

199 1621 290 1653 Tam
307 1620 406 1653 docta
423 1621 542 1653 cantus
559 1619 710 1652 suavitas
726 1645 734 1659 ‚
754 1620 844 1652 celer
860 1620 1021 1658 adnatat3

199 1669 385 1714 Varioque
402 1669 495 1714 gestu
510 1668 659 1713 plaudit,
680 1669 713 1700 &
729 1667 938 1701 micantibus

201 1717 382 1762 Significat
399 1718 510 1751 oculis
526 1744 534 1758 ‚
552 1728 676 1761 cupere
694 1717 726 1749 se
739 1743 748 1757 ,
762 1716 791 1749 si
807 1717 855 1750 fas
869 1743 878 1758 ,
892 1728 998 1760 opem

200 1769 304 1802 Ferre
323 1768 524 1800 Citharoedo
536 1792 544 1807 ,
563 1766 623 1811 qui
636 1776 706 1799 tarn
723 1765 873 1799 mirifice
890 1767 1016 1810 placet.

201 1816 317 1858 Quam
337 1815 440 1849 simul
453 1816 565 1848 Arion
580 1816 671 1848 haud
687 1814 849 1848 inutilem
865 1815 942 1847 fore

199 1864 458 1908 Benignitatem
474 1864 639 1909 intelligit
653 1889 663 1905 ,
682 1874 790 1896 ratem
808 1863 954 1906 impiam

200 1912 384 1959 Relinquit
394 1938 405 1957 ,
421 1913 455 1948 δε
470 1913 659 1959 Delphinis
672 1912 711 1948 in
723 1912 863 1949 dorsum
879 1909 1006 1949 insilit.

1202 2045 1206 2075 ¹

1132 2078 1220 2367 il
