1313 2367
218 131 278 180 62
376 132 1045 179 FAB.AESOPIARUM
1254 191 1257 193 ¹

487 213 1196 261 —Qaffoe-QP———ssffi

326 300 732 347 FABULA
816 300 1088 350 XXIV.

519 398 706 440 Venator
730 398 769 441 ὃ·
797 397 896 442 Leo.

223 228 250 253 ’8

215 467 293 548 C
307 520 332 544 U
346 519 380 544 Μ
396 509 578 545 Venatore
593 510 736 557 litigans
751 537 760 553 ‚
778 511 915 558 generis
932 511 987 546 sui

207 560 314 594 Vires
332 561 404 594 Leo
420 561 626 604 praeferebat
640 561 828 595 hominum
845 562 998 598 viribus.

208 610 269 643 Sic
284 609 483 654 litigantem
499 610 596 643 ducit
608 607 862 643 Adversarium'

206 658 370 692 'Venator
387 660 429 692 ad
444 669 716 692 monumentum
730 685 739 700 ‚
756 660 818 693 ubi
832 661 986 705 sculptus
1001 660 1059 695 leo

207 706 347 742 Peribat
363 707 456 741 inter
470 708 634 742 vistrices
651 708 806 742 hominis
820 720 959 744 manus,

206 757 275 791 Sed
290 757 358 790 hoc
375 757 443 790 sibi
459 758 565 791 Ferus
583 757 665 790 satis
679 757 746 790 effe
763 758 934 791 indicium
951 767 1054 803 negat
1069 769 1079 791 t

206 806 382 839 Homines
397 806 431 839 id
445 807 577 840 etenim
594 806 776 851 sculpunt,
791 806 908 851 inquit
919 833 928 847 ,
943 808 1040 852 quod
1051 807 1207 848 volunt;

204 855 252 888 At
268 855 299 888 si
314 857 435 888 leones
453 855 630 900 sculpendi
647 854 798 888 artifices
814 855 931 889 forent
947 881 958 897 ,

204 904 355 948 Suaeque
371 904 484 950 gentis
501 904 657 950 gloriosa
672 906 845 938 extollere

204 952 374 986 facinora
390 955 525 987 vellent
540 979 549 995 ,
565 953 682 986 vistos
698 964 717 986 a
733 953 898 988 leonibus

204 1000 249 1034 Et
265 1000 475 1037 interemtos
490 1012 580 1047 quot
595 1003 758 1036 homines
775 1003 981 1048 effingerent
994 1003 1010 1036 ἓ

345 1083 1073 1132 -ς--ῃᾛμπεε--οι

352 1170 758 1215 FABULA
839 1169 1062 1219 XXV.

488 1266 648 1312 Corvus
673 1264 716 1311 G·
739 1267 932 1326 Serpens.

214 1337 266 1415 S
285 1390 306 1414 E
320 1390 344 1414 R
356 1390 375 1414 Ρ
387 1390 409 1414 F.
421 1390 446 1413 N
458 1390 482 1414 τ
494 1390 516 1414 Ε
527 1390 562 1415 Μ
580 1383 721 1416 Corvus
737 1380 896 1416 esuriens
911 1380 989 1415 essm
1007 1389 1166 1424 cerneret

207 1429 248 1462 In
264 1429 336 1462 sole
353 1430 587 1464 dormientem
603 1443 611 1464 :
629 1430 792 1476 protinus
808 1431 901 1465 hunc
917 1429 1007 1475 petit
1021 1455 1034 1472 ‚

207 1478 398 1522 Rapitque.
416 1480 462 1511 At
479 1478 538 1512 ille
555 1491 642 1513 mox
658 1479 719 1514 ubi
736 1480 778 1513 ad
793 1479 864 1513 sese
880 1479 970 1513 redit
984 1504 994 1519 ,

208 1528 370 1560 Corvum
386 1528 562 1561 remordet
577 1540 587 1565 ·,
606 1527 667 1572 qui
682 1529 786 1562 letale
802 1528 956 1563 sentiens

208 1575 322 1608 Venis
339 1586 517 1621 receptum
532 1575 631 1610 virus
650 1590 657 1610 :
679 1577 770 1610 Hinc
788 1588 895 1620 pereo
912 1576 1038 1619 miser,

207 1624 433 1668 stultusque,
449 1625 540 1658 dixit
551 1652 560 1666 ,
576 1627 667 1659 unde
681 1626 818 1669 speravi
834 1627 984 1660 lucrum.

258 1673 431 1718 Designat
447 1675 609 1708 homines
626 1675 741 1709 fabula
759 1675 921 1708 incautos
936 1700 946 1715 ,
963 1673 1090 1718 quibus

206 1720 323 1756 Avide
337 1724 493 1767 expetita
509 1722 635 1768 saepius
653 1724 819 1756 damnum
836 1722 1000 1758 afferunt.
