1268 2361
183 141 196 144 -
262 127 493 172 LIBER
548 129 816 170 NONUS.
953 137 1038 169 201

11 202 1029 270 ¹³TQ=QQ=ssff,

26 271 28 275 ’
209 288 611 336 FABULA
697 287 883 334 xv1.

367 385 727 430 Rubusfi’Ovls.

4 495 5 510 ³
52 457 145 534 PL
157 508 184 533 U
197 508 222 532 v
236 509 250 532 1
264 509 288 532 Α
307 498 538 532 imminebat.
557 499 607 532 sic
624 499 782 532 hortatus
798 497 845 532 cst
861 498 981 535 Ovem

0 553 3 590 ζ
49 548 198 582 Rubus:
205 548 412 582 ·Procellam
426 559 500 581 non
516 547 642 581 vides?
658 548 743 602 quid
758 548 888 581 restitas
903 549 917 582 ἓ

51 597 130 630 Huc
147 596 262 640 recipe
275 607 309 629 te
327 597 507 630 celeriter
500 607 537 628 m
550 607 648 629 meos
666 596 788 638 sinus,

0 644 1 647 ’
49 645 125 678 Tua
140 656 183 678 ne
200 655 270 678 tam
287 645 394 678 nitida
409 645 670 688 permadescant
686 647 830 680 vellera.

98 693 265 726 Diffidere
279 693 444 737 cuiquam
460 693 573 726 nescia
586 693 712 726 Bidens
729 694 865 736 paruit·
859 717 868 732 ‚

48 741 168 786 thue
182 741 272 775 Rubi
286 742 401 775 densis
418 751 658 786 protegeretur
670 741 851 775 frondibus
862 766 873 783 ,

18 788 21 791 ’
48 790 197 834 Spinosa
210 790 244 823 se
260 790 363 831 huius
379 790 519 823 brachia
533 791 622 822 inter
639 789 810 824 condidit.

49 837 211 872 Pluviam
226 839 367 882 quidem
379 838 508 871 vitavit
523 850 530 870 :
547 847 581 870 at
597 837 810 871 beneficium

49 886 210 930 Hospitis
227 887 324 920 avari
337 887 452 930 pretio
469 897 598 931 magno
615 886 779 920 constitit.

47 935 155 968 Abire
171 937 269 969 nullo
284 935 414 979 quippe
429 934 498 977 jam
515 934 632 978 potuit
648 936 755 968 modo
773 960 782 976 ,

49 983 149 1026 Quin
164 986 250 1017 lanae
268 984 303 1017 id
318 994 424 1017 omne
436 1009 444 1024 ,
463 984 558 1028 quod
573 982 687 1017 fuiffet
703 984 744 1016 ab
760 983 931 1028 improbis

48 1031 164 1066 Semel
181 1032 433 1077 apprehensum
448 1032 596 1065 brachiis
612 1058 621 1073 ‚
638 1032 864 1076 relinqueret.

46 1106 52 1121 2
77 1090 80 1092 ·
95 1081 222 1115 Fabula
237 1091 379 1125 rapaces
395 1082 436 1114 ad
451 1091 619 1125 patronos
633 1080 798 1124 pertinet.

436 1165 908 1213 Ξψέ--ε--εεὺ

227 1253 259 1296 F
283 1251 323 1296 A
351 1253 383 1297 B
413 1253 458 1297 U
486 1253 521 1298 L
544 1252 583 1295 A
649 1251 695 1296 X
715 1254 759 1298 V
781 1255 798 1299 I
822 1255 855 1299 Ι.

309 1347 485 1391 Vzllicus
510 1345 551 1391 δ’
572 1347 786 1391 Columba.

179 1181 203 1205 <s

51 1420 150 1500 CI
163 1471 183 1496 Β
194 1470 221 1496 v
234 1471 268 1496 M
286 1463 468 1496 Columbae
483 1461 634 1496 Villicus
651 1461 729 1495 cum
746 1472 894 1506 poneret
906 1488 918 1505 ‚

48 1510 187 1552 Grana,
204 1511 338 1555 inquit,
354 1510 414 1544 ista
430 1512 534 1544 doleo
551 1510 644 1544 certe
659 1511 754 1555 quod
768 1511 832 1545 tibi

47 1559 181 1594 Afferre
198 1570 308 1605 cogor
325 1572 332 1592 :
349 1558 481 1604 quanto
495 1558 612 1599 justins
626 1559 715 1592 bovi

47 1609 319 1652 Apponerentur
333 1633 342 1648 ‚
359 1607 455 1648 cujus
470 1607 609 1652 irrigata
625 1608 703 1640 sunt

49 1657 184 1690 Sudore
198 1658 309 1689 multo
327 1657 340 1690 ?
354 1656 420 1689 vili
440 1657 471 1689 &
488 1655 625 1689 insuavi
641 1666 760 1689 tamen

50 1705 249 1738 Contentus
266 1703 326 1737 ille
341 1704 440 1738 foeno
454 1704 564 1737 vitam
578 1704 718 1738 sustinet
733 1717 741 1737 :

50 1753 120 1787 Sed
133 1762 167 1786 te
183 1752 333 1785 otiosam
343 1778 353 1793 ,
370 1752 592 1796 desidemque
606 1763 676 1786 tam
691 1753 795 1788 bonis

53 1800 215 1836 Gaudere
229 1800 313 1833 vitae
327 1800 489 1834 subsidiis
501 1826 510 1841 ‚
523 1812 612 1846 aegre
625 1802 661 1834 id
675 1801 762 1835 fero.

102 1849 237 1882 Retulit
252 1849 424 1882 Columba
441 1861 448 1882 :
464 1848 607 1882 Talibus
622 1851 737 1894 granis
751 1850 853 1883 doles

53 1896 116 1932 Me
130 1896 227 1932 refici
243 1910 252 1933 :
267 1907 302 1931 at
317 1896 376 1931 ina
391 1897 546 1943 delegisti
560 1897 696 1932 sedulus

807 1946 826 1979 1
843 1956 870 1980 v
