1268 2361
287 79 872 125 PRAEFATJQ
971 77 1075 136 xvij

12 159 14 164 ’
32 175 47 201 ‚a
79 159 143 201 nio
160 159 338 209 ed06tus‚
352 158 588 213 suppressisse
600 158 792 211 9fabellas
808 158 888 198 suas
902 159 1070 198 videtur.

14 210 38 254 ,”
77 213 326 254 Postmodum
347 217 471 253 amico
497 214 672 261 cuidam,
698 214 872 252 inertiam
895 211 977 263 ejus
1002 214 1066 251 in-

8 271 39 317 -f
74 271 275 321 crepanti,
303 269 545 321 grandiorem
568 280 719 306 aetatem
742 267 844 306 suam
872 279 886 304 1
913 266 1070 306 excusa-

6 343 34 375 {a
78 323 150 361 vit.
172 321 302 375 Itaque
326 322 374 360 ad
395 336 537 360 annum
559 320 695 360 Christi
717 333 765 372 43
792 320 900 359 facile
924 334 1069 372 perve-

6 385 11 399 ‘
78 377 200 422 nerit3
219 390 296 428 quo
315 390 416 414 anno
431 375 575 415 Seneca
591 376 637 413 ad
653 374 863 426 Polybium
879 374 1067 422 scribens,

14 429 35 485 ἰζ
78 427 225 467 fabulas
249 429 392 468 Phaedri
418 428 532 468 nostri
561 444 639 468 non
666 428 735 467 sibi
761 427 864 467 fuisse
896 429 1068 481 cognitas

2 486 22 518 ’ἴ
79 483 221 522 indicat
247 497 282 521 2.
307 482 401 522 Sunt
424 485 526 522 enim
544 512 555 530 ‚
578 497 600 520 a
623 493 748 521 morte
771 481 898 533 Seiani
923 483 970 520 ad
992 482 1068 521 hoc

79 535 194 588 usque
223 548 374 588 tempus
393 565 405 584 ‚
435 538 523 574 anni
550 550 629 574 non
658 538 820 588 amplius
848 536 1068 575 duodecim.

13 594 18 602 ‘
79 588 164 628 Jam
184 603 276 644 ergo
301 590 513 629 mirandum
535 602 737 641 tantopere
761 604 843 628 non
865 588 940 637 est,
963 590 1069 641 quod

79 643 227 682 Seneca
252 645 316 683 vel
343 643 493 696 prorsus
520 644 719 682 nesciverit
741 672 753 690 ‚
785 643 848 681 vel
875 645 927 680 sic
956 642 1070 682 fuerit

78 696 228 736 locutus
244 727 255 745 ‚
272 710 451 750 tanquam
472 696 641 736 nescisset
656 727 666 744 ‚
686 711 733 734 an
744 695 910 748 fizbellas
930 698 964 735 δ’
986 697 1071 749 aeso-

75 765 165 803 pcos
187 752 287 803 logos
307 751 483 789 Phaedrus
505 764 686 804 umquam
709 749 899 789 tentasset.

133 850 211 891 IV.
242 852 610 892 APHTHONIUS
638 850 803 904 sophista
827 881 839 898 ‚
869 853 949 891 sive
978 851 1070 892 rhe-

80 916 142 944 tor
169 934 182 952 ‚
210 906 483 946 Antiochensis
507 936 519 954 ‚
548 906 612 944 sub
641 904 757 945 finem
786 905 938 944 secundi
965 935 976 953 ,
1006 918 1071 946 aut

79 960 186 998 initio
204 961 301 999 tertii
320 960 402 1018 post
420 958 610 998 Christum
630 971 760 999 natum
778 959 890 998 seculi
906 959 1069 999 floruiffe

82 1013 259 1052 creditur.
287 1012 377 1064 Ejus
405 1011 542 1052 fabulae
561 1042 573 1060 ‚
601 1026 763 1052 numero
792 1013 1042 1066 quadraginta
1060 1044 1071 1061 ‚

81 1066 203 1120 graece
229 1066 271 1105 &
291 1066 404 1105 latine
429 1066 504 1105 una
526 1080 614 1104 cum
635 1065 805 1115 ejusdem
827 1081 1070 1118 progymnas-

81 1121 190 1157 matis
211 1119 343 1166 saepius
365 1119 475 1158 editae
501 1119 597 1160 sunt.
624 1119 707 1158 Has
731 1132 858 1158 autem
883 1116 1070 1171 separatas

80 1174 120 1211 in
146 1172 249 1211 suam
273 1171 539 1212 comestionem
561 1173 818 1225 apologorum
843 1175 1039 1226 compegit
1059 1204 1071 1221 ‚

82 1225 226 1279 suisque
266 1225 573 1278 castigationibus
615 1225 808 1264 illustravit
844 1226 1073 1266 Neveletus.

80 1277 176 1318 Stilo
204 1278 287 1317 satis
310 1279 474 1329 eleganti
499 1278 729 1330 conscriptas
745 1309 757 1327 ,
785 1281 929 1318 ratione
955 1282 1071 1319 etiam

82 1332 226 1371 ordinis
247 1362 258 1380 ‚
284 1347 328 1371 ac
350 1331 603 1385 dispositionis
624 1331 708 1371 satis
732 1333 872 1372 idonea
895 1334 1071 1386 praeditas

83 1386 228 1426 inveni.

137 1487 191 1526 V.
209 1486 284 1526 Ru
298 1499 320 1524 F
332 1500 360 1526 υ
374 1499 391 1525 s
412 1486 473 1525 ΡΞ
486 1499 577 1526 stu
592 1499 609 1526 s
634 1486 804 1527 Avienus
820 1517 831 1534 ‚
851 1489 915 1539 qui
933 1488 1071 1526 librum

85 1541 133 1580 de
152 1542 227 1579 oris
245 1542 440 1579 maritimis
460 1542 624 1580 carmine
639 1542 808 1580 'iambico
827 1541 991 1592 scripsit,
1008 1544 1072 1594 qui

86 1594 271 1646 Dionysii
294 1593 378 1632 Afri
405 1593 699 1646 descriptionem
727 1595 828 1633 orbis
847 1624 859 1643 ,
886 1594 1071 1647 Aratique

85 1648 325 1689 Plzaenomem
344 1648 514 1696 versibus
533 1648 762 1689 hexametris
784 1651 970 1702 expressit
986 1678 996 1697 ,
1024 1661 1073 1689 an

129 1757 150 1790 9
174 1746 250 1780 lbid.
273 1747 312 1781 V.
336 1757 386 1788 34.

135 1801 148 1824 x
175 1789 207 1823 L,
235 1798 261 1829 5.
285 1790 355 1823 Fab.
379 1790 431 1823 uit.

132 1843 154 1871 2.
176 1833 302 1870 consol.
324 1833 361 1868 ad
383 1833 494 1879 Polyb.
520 1833 558 1869 C.
581 1845 634 1877 ²7·
