1256 2362
195 100 281 149 108
348 103 500 148 ΕΑΒ.
535 98 1019 150 AESOPIARUM

193 197 221 223 ‹ss

304 270 335 314 F
371 269 412 314 A
447 269 480 314 B
517 270 563 315 U
597 271 633 315 L
668 273 709 316 A
794 269 842 316 X
874 270 974 317 XI
1006 271 1066 318 V.

425 366 599 410 Avarus
625 362 667 409 G·
693 364 781 422 ejus
801 366 952 412 Felius.

190 435 269 515 E
285 490 313 513 x
325 489 340 513 1
352 489 386 512 M
399 489 413 512 1
426 488 451 512 A
469 489 576 524 poma
593 478 757 512 Avarus
748 490 787 512 m
802 478 926 514 domus
942 479 1011 513 suoe

193 528 383 562 secretiori
399 538 496 572 parte
513 529 771 561 collocaverat·
766 551 775 566 ‚

192 578 240 610 At
256 579 352 611 nulla
366 603 376 619 ‚
393 577 462 610 nisi
478 588 556 622 quae
572 577 690 610 tahida
706 576 865 610 inficeret
880 577 956 611 lues
970 603 980 618 ,

191 627 302 659 Suam
319 627 399 660 inde
415 626 640 671 permittebat
655 626 693 659 in
709 625 862 659 mensam
878 625 1035 661 extrahi.

193 675 305 717 Quod
317 675 393 717 ejus
410 675 592 720 postquam
608 674 717 708 Filius
735 674 889 719 graviter
904 674 1019 708 ferens

195 723 342 765 Obiecit
358 723 477 757 frustra
489 750 498 764 ‚
515 723 664 767 denique
682 723 821 756 invenit
837 722 932 756 viam
947 749 956 764 ‚

194 771 391 805 Pomorum
408 772 445 805 in
461 772 575 816 ipsum
592 773 659 815 qu'ci
677 781 874 816 penetraret
890 773 1077 806 horreum:

195 820 383 865 Etiamque
401 821 534 854 amicos
548 832 659 853 unum
678 821 710 853 ὅ(
727 822 873 854 alterurn
890 819 957 853 sibi

197 869 360 904 Comites
377 869 547 911 adjunxit.
567 869 714 913 Optima
729 881 855 912 nempe
866 895 876 910 ,
893 879 980 914 quot
996 868 1106 911 licet‚.

196 918 308 952 Poma
324 919 360 952 hi
379 919 566 963 capessunt.
583 919 724 951 Fafftum
740 918 883 952 rescivit
898 918 997 951 Pater
1011 943 1021 960 ‚

199 968 476 1012 Succensuitque
494 968 583 1000 Filio
601 969 765 1001 damnum
781 968 998 1011 exprobrans
1016 979 1025 1001 :

197 1016 275 1059 Qui
291 1028 364 1050 rem
382 1016 552 1050 confessus
569 1018 662 1049 u{tro
680 1029 688 1049 ε
708 1017 803 1058 Quid
818 1016 934 1049 damni
950 1015 1017 1049 tibi

197 1066 387 1099 Intulimus
398 1092 407 1105 ‚
426 1065 542 1110 inquit
558 1066 570 1099 ?
589 1077 693 1109 poma
710 1064 846 1098 tantum
862 1064 1001 1108 putrida

198 1115 258 1148 Tu
274 1115 428 1148 comedis
443 1127 453 1152 ·‚
471 1115 604 1158 integra
621 1115 693 1147 sola
709 1125 774 1147 nos
791 1113 1022 1147 comedimus.

250 1163 311 1197 Nil
326 1163 441 1208 perdit
452 1189 461 1204 ,
478 1162 513 1196 id
530 1165 589 1207 qui
605 1163 719 1206 perdit
730 1188 738 1203 ‚
756 1173 827 1206 quo
843 1162 898 1195 uti
913 1161 1056 1196 nesciat.

340 1259 363 1283 ,ρ
604 1242 1061 1290 ἓὲυῇα--Ξῦ

349 1330 380 1374 F
415 1330 456 1374 A
492 1329 524 1373 Β
560 1328 605 1373 U
640 1328 676 1373 L
711 1329 752 1372 A
833 1326 882 1373 X
914 1326 962 1372 X
996 1325 1061 1371 V,

602 1425 797 1469 Arbores.

205 1501 290 1576 R
306 1551 328 1574 E
340 1549 361 1573 c
373 1548 396 1573 τ
410 1549 442 1573 AE
459 1540 491 1573 ἃ
508 1549 661 1583 procerae
677 1538 949 1572 contemnebant
964 1537 1116 1571 Arbores

209 1592 328 1624 Unam
344 1589 435 1622 inter
451 1589 540 1633 ipsas
552 1614 560 1628 ‚
575 1596 668 1620 torta
686 1585 781 1631 quod
791 1611 801 1627 ,
816 1587 849 1620 δί
864 1586 1007 1620 humilis
1024 1586 1116 1620 foret
1128 1597 1140 1621 ε

210 1638 394 1683 Lignarius
412 1647 528 1671 autem
544 1636 622 1670 cum
638 1634 786 1668 veniffet
800 1636 867 1668 huc
883 1635 979 1668 faber
991 1660 1001 1676 ‚

211 1689 401 1721 <Caeduntur
417 1697 539 1720 omnes
559 1685 627 1718 illae
645 1695 654 1721 ·‚
673 1695 705 1717 at
721 1685 793 1717 haec
809 1683 1031 1727 relinquitur.

256 1735 402 1770 Minimi
418 1734 515 1769 fuiffe
531 1733 635 1778 pretii
651 1758 658 1773 ,
676 1732 796 1767 multis
810 1732 959 1777 profuit.

652 1831 746 1879 ³322*
