1268 2361
0 238 4 370 ἓ

220 119 513 167 *LIBER
561 131 829 167 NONUS.
955 133 1047 181 207

30 196 44 223 .·
59 198 106 238 Et
118 199 269 238 varietas
285 214 377 248 quos
391 212 519 247 quanta
535 202 758 236 commendet
773 202 870 236 cibos
884 226 895 243 .

60 252 111 286 Ut
125 252 244 286 videat
260 277 270 293 ‚
287 253 329 285 ad
344 251 497 285 culinam
511 251 608 285 vadit
625 263 633 284 :
652 260 686 283 at
701 261 838 294 coquus

59 300 148 334 Eum
161 326 170 341 ‚
185 299 412 344 apprehensis
428 299 614 344 derepente
627 300 783 332 cruribus
795 325 804 340 ,

59 347 281 392 Praecipitem
297 350 338 382 de
353 348 498 382 fenestra
513 347 657 392 projicit
672 348 708 381 in
725 348 833 382 viam.

107 397 334 441 Quicumque
351 398 384 431 se
400 397 548 442 spondet
563 397 713 430 aliorum
729 398 769 430 de
786 396 895 431 bonis

57 445 146 479 Fore
161 446 340 479 liberalem
354 472 364 486 ‚
381 445 495 479 nostra
506 446 630 479 fabella
646 446 737 479 hunc
753 454 878 484 notat·,

0 507 1 523 z
57 495 255 539 Culpatque
271 495 402 538 pariter
417 493 491 535 eius
509 494 781 538 imprudentiam
795 519 806 535 ,

56 542 131 586 Qui
145 543 303 578 cautioni
317 553 388 577 tam
403 544 537 577 caducae
557 543 660 576 habet
672 541 791 577 fidem.

188 650 212 674 ·ε
447 607 911 682 *δῃοἯ--ῑ

168 719 202 766 F
236 720 276 766 A
311 720 345 765 B
380 720 426 765 U
460 720 495 765 L
530 720 570 765 A
654 717 700 763 X
733 719 780 764 X
814 720 857 765 V
891 720 929 765 Ι.

293 816 432 859 Simia
461 812 502 859 δι’
529 812 616 871 ejus
648 813 799 858 Filius.

55 885 144 964 Su
156 938 184 963 υ
196 938 230 962 Μ
247 929 287 962 ad
303 929 472 962 Tribunal
491 938 615 962 omnes
633 927 719 961 olim
737 926 875 972 Jupiter

51 978 268 1013 Mercurium
282 977 384 1019 jussit
400 987 600 1010 convocare
616 977 748 1010 belluas
765 988 777 1015 ·,

49 1027 99 1061 Ut
116 1027 331 1071 pulchriores
349 1026 488 1060 edidisse
505 1025 600 1059 filios

48 1075 147 1118 Quas
161 1074 339 1117 judicasset
349 1101 359 1115 ‚
374 1076 434 1108 has
452 1077 596 1108 donaret
613 1072 775 1118 praemiot

48 1124 209 1157 Accurrit
224 1135 309 1168 ergo
325 1123 434 1157 Simia
449 1150 459 1164 ,
476 1124 511 1156 &
524 1132 663 1166 turpem
678 1121 828 1155 offerens

48 1172 255 1207 Simiolum:
278 1173 309 1206 Is
321 1198 330 1213 ,
348 1172 463 1217 inquit
477 1197 486 1213 ‚
503 1173 650 1205 bellulus
667 1182 765 1204 meus
783 1169 872 1203 mihi

47 1220 62 1263 (
80 1221 200 1254 Cedite
214 1247 223 1262 ‚
241 1231 400 1265 parentes
417 1231 540 1254 ceterae
559 1223 569 1259 )
590 1220 742 1264 palmam
758 1218 881 1263 exigit.

96 1270 212 1303 Malus
230 1269 362 1303 Auctor
378 1269 469 1303 fetus
485 1277 675 1312 numquam
688 1268 776 1300 bene
793 1265 897 1300 novit
911 1264 1014 1302 suos·

207 1355 906 1405 *fissoeff-——w

207 1444 298 1489 FA
324 1444 355 1489 Β
382 1443 547 1489 ULA
613 1440 876 1488 XXVII.

251 1539 412 1583 Avium
436 1536 478 1583 δ’
494 1538 677 1598 Piscium
682 1538 834 1598 fedus}

52 1611 164 1690 Cu
175 1661 210 1686 M
226 1651 380 1685 Piscibus
396 1653 491 1686 Aves
507 1651 621 1685 federe
639 1651 710 1684 icto
727 1651 931 1692 sanxerant,

44 1701 97 1735 Ut
111 1702 216 1744 opera
235 1701 269 1734 δι
285 1701 411 1744 opibus
428 1701 462 1734 se
475 1699 639 1741 juvarent
653 1700 796 1733 mutuis.

44 1749 112 1783 Sed
126 1749 208 1783 hinc
219 1775 228 1790 ‚
247 1750 280 1782 &
297 1749 397 1782 illinc
412 1749 549 1793 publica
568 1760 621 1781 res
637 1748 716 1782 cum
733 1748 907 1791 postulat,

43 1797 95 1831 Ut
110 1798 301 1842 obligatam
315 1797 402 1830 fasta
415 1797 566 1830 liberent
582 1796 687 1830 fidem
701 1808 711 1834 ·‚

44 1845 168 1890 Neque
182 1857 266 1891 gens
280 1856 462 1879 natantum
479 1845 549 1878 sese
567 1845 603 1878 in
618 1856 718 1878 auras
735 1845 858 1879 tollere
874 1868 885 1884 ‚

45 1893 168 1940 Neque
183 1905 268 1941 gens
284 1895 470 1928 volantum
485 1904 663 1938 permeare
680 1894 789 1926 undas
804 1889 938 1936 potest,

182 1376 203 1399 -Q
