1225 2367
190 129 285 176 234
350 114 1012 160 FAB.AEsoP1ARUM

188 197 422 241 Conchasque
441 196 576 230 tantum
592 195 761 230 Vulturio
778 196 940 241 linquens
953 220 962 236 ‚
978 193 1080 241 fugit.

237 246 314 278 Hos
328 247 440 280 fabula
456 247 558 279 docet
573 245 810 289 imprudenter
825 244 961 278 consuli
976 269 986 286 ‚

186 294 240 327 Ad
254 305 342 339 quos
359 294 469 328 redire
486 294 628 328 consilii
644 294 774 327 frustus
789 292 916 337 potest.

322 389 346 411 ,Ε
527 418 533 421 ⁴
585 374 1045 422 ἕψω-ἠ.

318 456 423 502 FA
459 458 491 502 B
528 457 573 502 U
608 458 717 502 LA
797 454 1052 503 X'XVI.

253 554 370 599 Aves
403 555 451 598 de
487 555 660 599 creando
692 555 801 615 Rege
837 554 1119 598 deliberantes.

192 627 278 702 R
295 677 316 702 Ε
330 677 355 701 G
367 678 388 701 E
401 676 434 701 Μ
451 678 568 701 creare
584 667 663 701 cum
679 666 746 702 sibi
764 668 897 702 vellent
910 668 1004 702 Aves
1020 691 1031 709 ‚

192 716 302 750 Ὀὶέὶο
319 715 429 749 adfuit
447 727 531 762 gens
549 717 666 749 omnis
683 717 717 749 &
734 716 789 749 die
804 717 837 750 &
851 717 933 750 loco
949 728 956 750 :

191 764 314 809 Ibique
331 764 436 798 sciffae
453 764 570 798 studiis
585 765 666 798 dum
683 773 797 809 partes
812 763 985 809 strepunt,

191 813 236 848 Et
252 812 462 847 fluctuantur
479 813 604 847 animis
624 812 873 847 alternantibus
889 837 899 855 ,

194 861 352 895 Comitia
365 872 459 906 pavo
476 861 592 895 lustrat
606 859 738 895 interea
749 886 757 902 ‚
775 870 869 896 rotat

194 910 372 955 Superbus
385 935 394 952 ‚
411 920 534 943 omnes
549 910 663 944 caudae
678 920 832 956 gemmas
847 908 1012 954 explicat.

194 959 286 992 Tam
299 958 428 992 nitidus
443 959 568 992 oculos
582 958 682 1004 vulgi
696 957 904 1004 praestringit
917 958 1020 992 decor
1033 969 1047 997 ·,

194 1008 407 1051 Nomenque
424 1007 514 1053 regis
530 1018 570 1041 ac
583 1008 688 1041 decus
704 1006 855 1049 junonio

196 1055 296 1098 Quin
312 1056 483 1089 deferatur
498 1055 592 1096 aliti,
607 1054 676 1096 jam
691 1055 741 1089 nil
757 1066 865 1089 morae
880 1054 938 1089 est.

197 1105 245 1138 At
258 1104 337 1148 pica
350 1104 465 1138 renuit
480 1116 489 1142 ·,
503 1103 765 1148 consiliumque
780 1104 971 1148 reprobans

198 1153 294 1186 Male
311 1152 524 1196 auspicatum
540 1165 548 1185 z
564 1152 732 1194 Pulcher,
749 1153 783 1185 &
796 1161 959 1196 comptus
977 1150 1118 1196 quidem

198 1201 278 1235 Rex
292 1227 301 1242 ,
318 1201 433 1245 inquit
443 1227 455 1242 ,
467 1201 526 1234 ille
542 1200 611 1242 est,
624 1212 730 1245 quem
745 1203 860 1244 placet
876 1200 978 1234 nobis
996 1200 1068 1234 dari
1081 1212 1093 1240 ·,

198 1250 265 1283 Sed
279 1251 368 1283 bella
385 1250 414 1283 si
428 1249 644 1289 excitentur,
660 1249 691 1282 si
706 1249 820 1283 hostes
837 1250 1002 1294 ingruant
1013 1275 1021 1290 ,

199 1299 256 1331 An
270 1298 370 1332 fortis
385 1299 480 1331 ultor
495 1297 690 1331 vindicabit
701 1297 874 1342 impetum
888 1300 901 1333 ἓ

199 1347 330 1382 Inertia
343 1346 439 1381 forte
456 1345 639 1380 redimitur
651 1346 834 1390 prudenti&
850 1359 858 1380 ε

200 1396 316 1438 Ipsius
339 1405 372 1430 at
388 1406 486 1430 mens
503 1406 593 1428 caeca
608 1406 680 1429 tam
696 1394 764 1428 effe
780 1395 927 1435 dicitur,

201 1443 320 1486 Quem
338 1444 421 1478 caeci
432 1471 440 1484 ,
462 1453 641 1488 quotquot
655 1445 777 1477 oculos
792 1442 829 1476 in
842 1442 949 1476 caud&
965 1441 1067 1489 gerit.

200 1492 349 1526 Affentit
363 1491 479 1526 omnis
496 1502 608 1525 coetus
619 1517 628 1532 ‚
645 1492 678 1524 &
692 1492 812 1534 plausu
829 1493 909 1524 dato

201 1540 290 1575 Picae
307 1541 441 1585 sagaci,
458 1541 596 1574 damnat
608 1550 763 1573 errorem
779 1539 890 1573 suum.

252 1589 392 1634 Species
412 1589 526 1622 inanis
543 1588 728 1634 imperitos
745 1588 897 1631 decipit:

203 1637 338 1674 Peritus
354 1637 391 1673 in
404 1649 440 1673 re
457 1638 528 1679 nil,
543 1637 612 1672 nisi
631 1637 743 1681 ipsam
759 1647 832 1670 rem
844 1662 853 1679 ,
866 1635 976 1673 videt.

608 1767 783 1805 wazu-A&
