1225 2367
168 131 261 182 310
349 121 1001 167 FAB.AE80P1AR1JM

163 201 314 235 Honore
330 213 455 247 pugnae
473 211 544 235 tam
560 202 727 246 pusillum
745 203 778 236 &
794 203 963 248 imparem
978 216 988 238 ε

163 250 301 284 Tam-en
314 251 503 296 aliquando
521 251 665 295 propius
683 252 867 285 instantem
883 254 1007 287 videns
1023 278 1035 295 ,

163 299 206 332 Et
224 301 490 344 persequentem
508 312 517 337 ·‚
535 300 757 345 sentiensque
771 301 878 334 etiam
893 302 976 335 feris

163 347 376 391 Rabiditque
394 350 568 382 morsikus
585 349 778 382 enitentem
796 351 940 392 laedere,

162 397 339 440 Concepit
356 399 422 429 iras
439 422 449 438 ‚
466 398 499 430 &
516 397 705 441 inopinato
723 398 857 432 irruens
869 425 880 441 ,

161 445 321 488 Arripuit
338 445 412 487 ejus
428 448 597 479 auriculas
614 457 654 480 ac
669 447 804 480 discidit
819 459 829 486 ·‚

160 494 388 539 flentemque
399 520 409 535 ,
425 494 582 539 tori‘que
598 494 786 537 ejulantem
804 496 937 530 viribus
952 521 962 538 ‚

161 543 268 575 Suam
283 543 419 576 remisit
435 544 593 577 nobilem
609 545 651 577 ad
664 545 917 580 mulierculam.

209 592 347 624 Fabella
364 593 540 637 quoddam
557 604 665 637 genus
681 594 919 628 homu'uorum
937 603 1071 638 procax
1083 617 1097 637 ,

160 638 384 675 P0tentiores
401 652 444 674 ne
461 641 597 675 laceffat
611 667 621 683 ,
637 643 816 678 admonet.

292 748 316 771 -ss
606 731 1020 780 5θῖὲὲΞῦ

318 818 350 862 F
381 820 421 863 A
459 819 491 863 B
530 819 575 864 U
612 819 648 863 L
679 819 715 864 A
792 818 839 864 X
871 819 914 864 V
946 821 979 866 Ι.

424 914 577 975 Musca
599 912 640 959 ὃ
662 915 886 960 Caecubus.

163 984 262 1063 CI
274 1037 294 1060 B
307 1036 321 1060 1
332 1037 349 1061 s
368 1027 533 1061 refertum
550 1028 734 1069 jurulentis
754 1030 952 1063 Caccabum

159 1077 451 1110 Circumvolabat
465 1078 587 1111 Musca
598 1104 607 1118 ‚
621 1078 769 1123 pingues
785 1078 915 1112 halitus

157 1126 301 1159 Secuta:
321 1126 458 1159 facilem
476 1126 598 1171 quaerit
612 1127 776 1171 epulandi
791 1127 888 1161 viam
902 1138 914 1166 ·‚

156 1174 199 1206 Et
215 1174 274 1207 via
291 1174 320 1208 si
334 1175 445 1208 facil-is
462 1175 531 1218 ipsi
548 1177 641 1208 nulla
658 1175 836 1220 suppetat,

155 1224 307 1256 Tentare
321 1223 436 1256 statuit
452 1223 556 1257 etiam
574 1224 812 1258 difficillimam
826 1238 835 1258 :

154 1273 246 1305 Nam
264 1272 354 1305 ratio
368 1273 464 1317 cogit
478 1273 707 1317 imperiosior
721 1299 729 1313 ‚
747 1274 870 1308 fames.

155 1323 376 1354 Commodus
392 1322 509 1354 hiabat
520 1347 528 1362 ,
545 1322 741 1355 discedente
755 1324 925 1366 operculo
935 1348 946 1365 ‚

156 1371 282 1403 Aditus
298 1383 305 1403 :
321 1369 383 1403 hac
400 1381 578 1415 permeare
595 1372 636 1404 ad
650 1380 791 1414 optatos
808 1371 905 1405 cibos

155 1418 272 1452 Potest
285 1419 455 1455 facillime
470 1432 480 1457 3
495 1429 529 1453 at
545 1420 723 1453 remeandi
736 1419 956 1464 postmodum

155 1468 210 1501 Ne
227 1468 296 1501 sibi
312 1469 455 1502 facultas
478 1470 573 1502 nulla
587 1469 633 1501 sit
644 1494 654 1509 ‚
670 1470 773 1502 valde
789 1469 903 1503 timet.

155 1516 290 1549 Invitat
307 1518 383 1550 esca
398 1543 406 1556 ,
425 1516 561 1550 territat
579 1516 793 1560 periculum:

155 1566 202 1598 At
220 1565 333 1598 inedia
350 1575 467 1598 tamen
484 1565 661 1598 excruciat
677 1565 872 1598 famelicam

153 1613 302 1646 Interea.
321 1614 417 1656 Quid
433 1624 510 1658 agat
525 1616 538 1648 ἓ
553 1613 630 1647 Esto
646 1626 655 1652 3
673 1625 768 1647 mors
784 1640 793 1655 ,
810 1612 927 1659 inquit
942 1639 951 1656 ,
963 1611 1054 1648 mihi

154 1662 275 1696 Parata
291 1662 329 1695 in
345 1662 409 1695 isto
424 1663 659 1706 pulmentario
676 1664 825 1696 excubet
840 1676 848 1697 :

152 1712 237 1745 Non
253 1722 301 1744 ita
320 1711 460 1744 videtur
475 1711 541 1745 effe
557 1711 787 1744 formidabilis
799 1737 808 1752 ‚

152 1761 201 1793 Ut
217 1761 322 1794 altera
338 1760 397 1793 illa
408 1786 417 1801 ‚
434 1772 510 1804 quae
527 1772 583 1794 me
599 1759 788 1794 conficeret
801 1760 904 1794 fame.

153 1809 190 1841 Si
205 1809 353 1853 denique
370 1809 462 1842 mori
478 1821 534 1842 me
551 1809 685 1842 neceffe
702 1809 749 1842 est
763 1835 773 1850 ‚
786 1810 874 1843 hanc
888 1810 978 1842 volo

154 1857 290 1902 Eligere
305 1867 456 1891 mortem
471 1884 480 1899 ‚
498 1870 573 1902 quae
589 1869 646 1891 me
663 1859 848 1891 saturatam
862 1858 1052 1902 opprimat.

152 1907 227 1941 Nec
245 1916 316 1942 tam
332 1907 528 1952 periculosa
544 1906 637 1941 forte
651 1932 661 1949 ,
678 1906 781 1953 quam
797 1916 898 1952 putes
914 1931 924 1948 ,
