1313 2367
214 104 321 161 xxij
420 102 998 149 PRAEFATIO.

212 195 327 235 gente
350 182 588 236 parmensem
611 182 716 222 fuisse
736 183 872 222 volunt
894 197 903 221 ε
924 182 1053 223 vixisse
1076 196 1204 224 autem

212 238 339 275 leculo
373 237 606 276 duodecimo
637 239 814 289 opinatus
842 235 895 275 est
920 236 1010 289 Lyl.
1032 236 1204 291 Gregor.

211 289 411 342 Gyraldus
432 305 440 328 :
464 304 538 344 ego
561 292 658 329 verb
681 304 812 343 parum
834 290 872 329 id
893 304 1009 330 omne
1029 291 1202 332 interesse

209 347 267 382 rei
291 345 465 383 literariae
489 343 680 383 existimo.

262 449 313 489 X.
341 451 376 489 R
390 463 449 489 lM
463 463 539 490 1C1
553 463 580 490 u
594 463 612 490 s
637 480 649 498 ‚
685 449 915 490 Guillelmus
949 450 1168 492 Hermanus
1188 484 1201 502 ‚

206 503 423 544 Hadrianus
456 504 666 544 Barlandus
686 535 698 553 ‚
729 519 772 544 ac
801 504 1024 544 Laurentius
1057 506 1170 545 Valla
1190 537 1203 556 ,

206 572 342 597 omnes
362 589 376 605 ‚
406 571 543 611 praeter
571 558 725 597 Vallam
745 589 757 606 ‚
788 561 1077 612 grammaticum
1107 562 1198 600 illu-

204 612 318 652 strem
336 643 347 661 ‚
366 613 478 665 plane
500 614 709 666 incogniti,
731 612 890 652 fabellas
911 612 1089 666 aesopicas
1111 629 1198 667 par·

203 669 274 704 tim
297 680 318 706 e
341 669 469 720 graecis
493 667 626 705 latinas
646 666 820 705 fecerunt
843 696 855 714 ‚
875 669 1012 719 partim
1037 681 1057 706 e
1079 669 1199 722 ligato

204 721 378 760 sermone
405 723 445 759 in
478 722 694 759 orationem
725 720 886 759 solutam
920 720 1200 762 transtulerunt.

204 774 285 813 Has
312 786 440 814 autem
472 775 628 827 collegit
657 774 849 813 Robertus
880 774 1092 827 Stephanus
1115 806 1128 824 ‚
1155 776 1198 815 &

202 829 278 867 una
314 843 399 867 cum
434 831 560 881 priore
592 828 784 866 Laurentii
812 828 1001 867 Abstemii
1038 829 1198 869 hecato-

202 882 356 935 mythio
369 913 381 931 ‚
407 895 446 922 at
466 883 621 935 paulum
646 881 841 926 decurtato
858 912 870 929 ,
892 884 932 920 in
953 883 1081 922 lucem
1101 886 1197 923 emi·-

205 939 254 976 sit
283 951 385 976 anno
418 949 532 989 1529·
561 935 723 976 Sordida
749 935 803 976 est
832 935 899 975 ista
924 935 1075 990 farrago
1092 967 1106 987 ,
1131 937 1198 978 sed

202 1005 339 1031 aurum
364 994 551 1031 continet.

254 1098 333 1137 XI.
354 1098 707 1138 LAURENTIUS
726 1097 1048 1138 ABsTEM1us
1066 1097 1196 1138 seculo

200 1153 288 1205 post
300 1153 494 1192 decimum
505 1154 638 1206 quinto
650 1164 813 1192 exeunte
826 1153 1004 1192 florebat.
1021 1152 1196 1192 Fabellas

207 1207 280 1259 198
299 1237 311 1255 ‚
335 1221 494 1260 quarum
513 1208 676 1259 primam
693 1219 842 1259 partem
859 1207 1194 1259 hecatomythium

200 1264 358 1300 vocavit
377 1291 390 1309 ‚
421 1261 596 1300 sermone
626 1260 771 1313 scripsit
797 1261 917 1300 latino
946 1261 1085 1300 soluto.
1115 1260 1196 1300 Sti-

200 1315 281 1354 lum
301 1315 473 1354 adhibuit
497 1314 737 1366 simplicem,
760 1313 858 1367 saepe
881 1317 1098 1367 optimum,
1122 1315 1196 1354 ali-

200 1369 357 1421 quando
388 1370 500 1408 nimis
529 1367 717 1419 abjeetum
747 1382 791 1406 ac
821 1382 945 1420 prope
975 1369 1191 1408 barbarum.

201 1423 403 1474 Quasdam
426 1425 542 1462 etiam
567 1423 798 1460 narrationes
823 1422 918 1473 jocis
943 1421 1109 1462 honestis
1130 1424 1193 1460 in-

199 1476 312 1516 seruit
333 1477 491 1516 homine
512 1475 709 1515 christiano
731 1487 844 1528 atque
863 1477 1020 1529 ingenio
1040 1475 1190 1529 prorsus

198 1531 390 1584 indignas.

252 1636 344 1677 XII.
371 1636 572 1676 GABRIEL
600 1635 801 1676 FAERNus
824 1665 838 1685 ‚
865 1635 1142 1676 Cremonensis
1171 1644 1187 1686 ,“

197 1692 325 1731 bonus
354 1704 472 1744 poeta
496 1721 507 1739 ,
538 1690 760 1743 criticusque
789 1691 943 1744 insignis
965 1720 978 1740 ,
1006 1691 1107 1730 bene
1137 1691 1186 1730 de

197 1745 386 1786 Terentio
409 1747 566 1784 meritus
585 1775 598 1794 ,
631 1745 726 1784 obiit
747 1744 972 1785 Romae'die
1003 1757 1049 1795 17
1075 1744 1186 1784 Nov-

197 1813 261 1839 an.
293 1800 407 1853 1561.
433 1798 605 1840 Centum
632 1798 776 1838 fabulas
795 1830 807 1848 ‚
837 1800 946 1839 vario
975 1800 1186 1837 carminum

198 1867 341 1909 genere
363 1855 567 1908 explicatas
587 1882 600 1903 ,
627 1855 795 1894 moriens
820 1853 984 1906 reliquit.
1007 1851 1111 1905 Quae
1134 1850 1186 1891 fi·
