1268 2361
166 181 373 226 Lrssan
415 190 758 225 UNDECJM
780 192 871 229 vs.
943 183 1038 245 267.

47 261 90 297 Et
103 261 192 296 disce
203 288 211 303 ‚
225 261 328 306 quam
343 271 416 294 non
426 286 437 302 ‚
450 271 488 294 ut
500 260 570 294 situ
585 262 824 306 torpescerent
834 288 844 304 ,

49 311 292 345 Animantibus
306 311 436 343 Natura
454 309 614 343 tribuerit
629 311 746 353 pedes.
1027 324 1035 349 ρ

99 359 283 393 Conviciis
301 360 411 392 Eruca
423 369 495 391 tam
512 359 747 403 petulantibus

11 435 13 438 Α
49 409 108 442 Nil
124 419 371 441 commovetur
384 419 394 445 ·‚
409 407 467 440 fed
483 408 577 451 quod
591 407 742 452 aggreffa
758 408 806 442 est
818 420 906 454 opus
917 434 928 451 ,

49 457 188 491 Placide
199 482 208 495 ,
224 455 342 500 quiete
359 456 473 500 pergit
487 456 572 489 illud
584 457 728 501 exsequi
743 470 750 491 :

0 534 1 540 ,
51 505 123 539 Sibi
137 506 209 548 ipsa
223 515 365 538 tenuem
381 504 618 548 superinducit
634 506 803 550 corticem

0 551 3 592 ἕ
53 554 222 588 Paulatim
234 580 244 594 ‚
259 555 341 587 dum
355 553 389 586 se
403 564 513 586 totam
533 554 798 588 circumtexerit
812 567 823 590 t

0 607 5 640 l
50 603 194 646 Sepulta
212 602 395 646 postquam
411 602 464 635 sic
478 602 545 635 fuit
564 603 763 647 aliquandiu
778 629 788 645 ,

0 634 8 695 i
53 651 211 685 Mutatur
224 652 340 685 album
353 651 392 684 in
404 651 522 684 alitem
536 677 544 691 ‚
559 651 678 685 vincla
691 651 791 686 exuit
803 677 814 694 ,

0 697 9 748 l
53 700 197 744 Linquit
210 700 328 733 ruinas
344 699 496 732 dissoluti
513 700 681 741 carceris,

0 750 11 771 Ἢ
51 749 208 782 Demum
226 749 259 782 se
274 749 311 781 in
322 759 424 782 auras
437 749 531 782 tollit
546 773 554 788 ‚
571 749 605 781 &
620 749 752 783 nitidus
764 750 865 783 volat

55 797 205 841 Papilio.
223 797 356 830 Paucos
369 796 445 841 post
461 797 533 830 dies
547 798 762 831 arbusculam

57 846 159 880 Circa
172 845 346 879 virentem
360 846 568 879 ludibundus
582 847 664 879 dum
680 849 779 881 leves

55 895 217 939 Exagitat
231 897 299 928 alas
312 921 320 935 ‚
335 895 533 928 Formicam
549 895 636 928 eniti
649 895 767 936 videt,

57 943 209 977 Ascensu
224 955 263 977 ut
276 942 352 985 ejus
365 953 526 977 truncum
542 943 679 987 superet
693 970 702 985 ‚
717 943 828 989 asperi

57 991 122 1027 Per
135 991 344 1026 adminicula
357 992 502 1026 corticis
517 1004 526 1029 3
545 992 578 1025 &
593 1017 602 1033 ,
617 993 707 1027 hanc
717 1019 727 1034 ,
740 993 894 1027 desidem

58 1041 284 1086 Turpemque
297 1042 409 1075 vitam
422 1052 526 1085 quam
540 1051 726 1084 putaveras
738 1068 747 1084 ‚
761 1042 810 1076 ait
820 1068 830 1084 ‚

58 1089 177 1124 Fatere
191 1100 264 1123 non
278 1088 376 1123 fuiss‘e
390 1090 551 1123 inutilem
565 1090 666 1125 mihi.

108 1139 244 1172 Fabella
258 1139 427 1182 quosdam
437 1164 447 1179 ‚
461 1147 500 1171 ut
513 1139 708 1172 evehantur
718 1165 727 1180 ,
742 1138 822 1172 otio

30 1192 31 1208 ³
61 1185 141 1221 Plus
160 1198 260 1232 agere
271 1212 280 1228 ‚
297 1186 401 1231 quam
420 1186 509 1220 alios
525 1186 704 1233 diligentia
719 1213 728 1229 ,
745 1189 862 1222 docet.

221 1276 922 1323 *aaz*

213 1363 584 1410 FABULA
651 1363 902 1411 XXIX.

418 1459 546 1503 Canis
569 1459 703 1520 piger.

195 1294 217 1317 ·(

73 1530 146 1609 C
155 1582 181 1606 A
194 1582 218 1605 N
230 1582 244 1605 1
257 1582 273 1606 s
291 1571 454 1617 strigosus
465 1599 475 1612 ‚
493 1574 527 1606 &
542 1572 696 1607 hiemem
710 1583 831 1608 contra
844 1575 998 1621 asperam

70 1621 177 1655 Vallo
191 1621 344 1665 pilorum
358 1622 474 1665 septus
487 1622 578 1655 haud
593 1622 674 1655 satis
687 1624 783 1657 bono
794 1649 803 1665 ,

72 1669 248 1712 Quaesivit
260 1669 412 1714 aliquam
424 1671 589 1703 latebram
602 1697 610 1711 ‚
625 1671 693 1715 qua
707 1672 741 1705 se
757 1674 941 1715 conderet,

72 1718 145 1751 Nec
160 1718 320 1751 invenire
334 1719 461 1762 potuit.
478 1719 637 1753 Horrifer
650 1720 791 1754 interim

74 1765 242 1800 perflabat
256 1767 394 1810 aquilo:
411 1768 471 1801 sub
487 1767 571 1808 jove
587 1779 671 1813 ergo
683 1769 813 1814 frigido

76 1815 164 1848 cum
178 1815 381 1859 pernostare
395 1826 597 1860 cogeretur,
611 1820 774 1862 angulum
785 1844 795 1860 ,

75 1863 158 1898 Non
174 1874 423 1908 usquequaque
437 1864 598 1908 pervium
607 1866 728 1904 *ventis
740 1892 749 1907 ‚
762 1866 852 1910 petit
866 1878 876 1901 t

76 1911 214 1945 lnflexo
228 1912 265 1945 in
278 1913 399 1946 orbem
414 1923 563 1956 corpore
575 1914 771 1948 contrastus
786 1916 886 1950 cubat
895 1941 908 1959 ,

79 1959 121 1993 Et
135 1971 196 1996 ora
210 1961 367 1996 clunibus
381 1962 570 1999 admovere
583 1962 718 2000 nititur.

782 2012 825 2046 M
847 2010 871 2055 ij
