1268 2361
0 237 5 367 ἓ

0 372 24 524 ᾖ,

271 107 498 156 'LIBER
552 115 818 154 Nonus.
948 118 1044 170 205

56 188 1019 236 'aaz—„r—ffliffl‘fss—-w

219 276 379 320 FAB
410 275 589 320 ULA
655 272 884 320 XXII.

290 371 524 416 Mercurius
545 375 587 423 δι
606 370 639 413 S
643 371 811 428 culpcor.

59 439 198 518 Ma
209 493 234 517 R
245 493 267 517 c
280 493 305 519 υ
319 493 343 517 ιι
355 493 368 517 1
381 493 408 518 υ
420 493 438 517 s
455 483 492 517 in
505 481 683 524 cuiusdam
694 481 891 528 Sculptoris
904 482 1051 517 domum

0 525 1 564 ἶ
61 531 153 566 cum
166 531 376 573 divertisset,
392 533 501 576 patris
518 531 666 576 effigiem
684 531 737 565 sui

59 580 229 624 Adspexit
246 594 255 619 ·,
274 582 308 614 ὅ(
324 581 487 625 quaesivit
500 607 508 621 ,
526 580 648 625 quanti
663 581 841 615 venderet.

60 629 163 663 Hanc
177 631 367 664 nummulis
384 640 423 663 ut
440 630 536 662 audit
552 628 700 662 omnino
714 631 834 662 decem

60 677 134 710 Sibi
150 678 347 722 comparari
362 677 458 722 posse
469 703 478 718 ,
495 679 620 722 gaudet
637 677 673 710 in
689 676 768 710 sinu
784 703 793 717 ‚

60 725 194 759 Venire
211 737 376 771 magnum
392 728 531 759 tantulo
547 726 662 769 pretio
677 726 694 759 J
700 736 820 759 ovem.

59 774 126 807 Sed
142 775 199 808 hic
216 775 315 808 suum
331 785 472 819 quoque
489 773 572 807 stare
589 774 812 807 simulacrum
827 773 951 807 videns
964 798 975 815 ,

59 821 249 867 ΜυΙῐὸφιε
267 823 376 867 pluris
394 823 460 856 effe
476 823 698 856 vendendum
715 833 807 856 ratus
825 836 833 856 :

59 871 196 914 Quanti
207 898 216 913 ,
226 871 341 915 inquit
351 898 359 912 ,
370 871 456 905 istud
466 872 479 906 ἓ
491 872 656 915 Sculptor
666 882 780 905 autern
795 885 802 905 z
815 872 852 905 Si
861 872 1006 905 alterum

59 919 206 966 Signum
221 920 329 966 petita
347 931 531 964 compares
547 920 692 964 pecunia
709 946 717 962 ‚

58 967 150 1002 Istud
164 969 230 1002 tibi
245 980 309 1012 pro
328 971 470 1002 cumulo
487 969 654 1002 mercedis
671 970 774 1003 dabo.

110 1017 269 1050 Ridicula
283 1016 386 1061 quam
404 1018 450 1051 sit
466 1017 694 1051 humiliorum
710 1018 845 1051 vanitas
856 1042 866 1060 ,

61 1065 161 1100 Tunc
174 1091 185 1108 ,
198 1065 286 1109 justa
300 1065 378 1099 cum
395 1065 441 1099 sit
457 1065 641 1100 aestimatio
657 1092 666 1107 ,
688 1076 796 1110 patet.

192 1144 918 1194 fflfflffi——a

191 1232 561 1278 FABULA
638 1232 924 1277 XXIII.

342 1327 499 1372 Gallus
531 1324 573 1372 δ’
603 1329 770 1372 Vultur.

65 1400 116 1476 ἶ
129 1451 163 1475 Μ
174 1451 194 1475 1²
206 1451 228 1475 E
240 1450 264 1474 R
276 1450 289 1474 1
303 1450 332 1474 u·
341 1449 379 1473 MV
390 1439 458 1474 lat&
475 1450 613 1485 gentem
630 1441 668 1474 in
684 1440 912 1485 ganinaceam

65 1491 138 1524 Sibi
155 1489 337 1524 asseruerat
353 1489 449 1522 νίξὶο
467 1489 590 1522 Gallus
607 1490 735 1522 aemulo
753 1502 761 1522 :

63 1539 158 1572 Hinc
175 1539 208 1572 se
224 1539 388 1582 superbus
405 1538 498 1570 tollit
514 1539 556 1570 ad
573 1539 712 1570 culmen
728 1538 851 1571 domus
863 1563 877 1578 ‚.

67 1587 172 1620 Suam
188 1587 260 1630 ipse
277 1596 381 1619 cantu
398 1587 547 1619 celebret
559 1596 597 1618 ut
614 1585 814 1618 viiloriam.

66 1635 113 1668 At
129 1636 260 1668 Vultur
275 1635 388 1675 audit,
407 1635 440 1667 &
456 1635 624 1667 advolans
641 1634 739 1666 illum
756 1632 864 1677 rapit.

116 1682 263 1728 Impun'e
277 1683 393 1717 victor
409 1684 525 1717 nullus
541 1682 695 1717 insolens
712 1681 797 1719 fuit,

535 1793 587 1844 ὃ
