1313 2367
225 133 253 177 6
384 131 1050 177 FAB.AESOPIARUM

447 299 480 344 F
513 302 550 345 A
588 299 620 344 B
659 300 705 345 U
740 300 776 344 L
810 301 848 344 A
931 299 992 347 V.

519 385 682 428 Ericius
709 383 751 430 ἃ
774 385 926 444 Talpa.

225 437 301 515 E
316 490 340 514 R
352 490 365 513 1
379 489 400 514 c
414 490 426 513 1
440 490 466 514 U
479 490 496 514 s
513 480 667 515 hiemem
683 483 872 515 adventare
889 480 1040 516 sentiens
1050 506 1066 524 ,

225 531 373 572 Talpam
390 530 550 574 rogavit,
567 530 713 574 proprio
730 530 766 564 in
783 541 873 564 cavo
889 531 1008 563 locum

225 578 298 611 Sibi
315 588 354 612 ut
370 578 445 610 vim
462 589 583 612 contra
599 579 740 624 frigoris
757 580 974 613 concederet.

226 627 412 660 Concessit
426 627 537 671 Talpa
552 640 561 665 ·,
579 628 636 660 sed
651 639 811 672 receptus
827 627 1003 671 hospitem
1014 651 1024 668 ‚

225 676 276 708 Ut
293 675 325 708 se
343 684 488 709 movere
505 687 655 720 cumque
670 678 749 709 vult
760 701 769 717 ‚
783 675 916 709 Ericius

226 724 354 768 Pungit
369 724 523 757 molestis
539 725 621 758 hinc
639 725 672 758 ὅ(
687 725 768 758 hinc
785 724 914 758 aculeis
930 736 938 758 ε

226 773 330 805 Hunc
345 784 429 818 ergo
443 773 554 817 Talpa
570 773 769 818 intelligens
786 774 914 807 damno
930 772 993 807 suo

225 819 420 865 Receptum
432 847 441 863 ‚
454 821 541 855 ferre
558 833 623 855 nec
639 821 769 855 diutius
786 824 934 864 volens,

225 868 389 904 Precatur
400 897 409 911 ‚
423 869 614 904 obtestatur
624 896 633 912 ,
647 870 744 904 exire
760 880 800 904 ut
815 869 903 904 velit
914 895 924 911 ,

227 918 523 963 Quandoquidem
541 919 702 964 angustus
720 920 824 953 ambo
841 929 914 952 non
929 917 1022 964 capit
1037 919 1156 955 locus.

226 967 273 999 At
289 966 355 1000 effe
372 969 524 1012 gaudens
540 968 598 1002 ille
610 994 619 1008 ‚
632 969 694 1001 ubi
707 969 795 1002 bene
812 967 859 1001 est
875 967 942 1001 sibi
956 980 964 1002 ε

226 1015 321 1048 Hinc
337 1025 459 1057 exeat,
473 1016 542 1058 ait,
555 1017 617 1060 qui
633 1028 773 1050 manere
791 1027 863 1049 non
879 1015 1003 1060 potest.

276 1065 414 1097 Fabella
432 1066 533 1098 docet
549 1067 640 1098 hunc
654 1065 894 1109 imprudenter
908 1064 1085 1108 hospitem

228 1112 396 1154 Admitti,
411 1112 471 1157 qui
488 1124 560 1146 non
575 1114 690 1157 possit
706 1114 896 1158 aliquando
908 1113 1004 1156 ejici.

671 1191 1086 1239 :Smffessffl

477 1279 508 1322 F
529 1278 566 1321 A
592 1279 624 1322 B
652 1279 697 1321 U
724 1277 760 1321 L
781 1279 821 1320 Α
874 1278 971 1321 VI.

424 1374 534 1427 Leo,
569 1374 741 1432 Lupa-5,
780 1369 824 1418 ὁ
858 1373 1026 1432 Vulpis.

228 1428 301 1504 L
315 1480 337 1504 Ε
350 1478 375 1504 0
394 1469 586 1514 aegrotabat
599 1480 611 1502 t
627 1466 836 1500 accefferunt
851 1466 948 1501 illico
958 1494 970 1510 ,

228 1521 280 1553 Ut
296 1520 491 1552 solarentur
501 1543 509 1558 ,
524 1527 647 1550 omnes
663 1516 817 1560 undique
832 1515 947 1549 bestiae
961 1529 969 1551 ε

229 1568 359 1611 Vulpis
376 1577 494 1600 tamen
511 1566 622 1599 adhuc
637 1566 755 1599 aberat
771 1577 778 1598 ι
792 1576 880 1609 ergo
897 1565 1015 1609 Lupus
1034 1567 1155 1602 datum.

229 1617 331 1650 Hanc
348 1614 574 1655 criminandi,
589 1613 741 1648 infensus
753 1640 761 1656 ,
778 1613 901 1657 arripit
916 1615 1035 1648 locum
1050 1627 1058 1649 ε

230 1665 289 1699 Nil
305 1675 403 1698 curat
414 1690 423 1705 ‚
436 1663 552 1708 inquit
562 1689 572 1704 ‚
586 1664 626 1696 de
642 1663 753 1696 salute
768 1662 949 1706 principis.

229 1715 398 1758 Dumque
413 1712 481 1747 alia
498 1713 607 1747 multa
624 1712 814 1746 deblaterat
826 1710 1023 1755 ejusmodi,

230 1762 397 1796 Confiare
414 1771 552 1796 tentans
570 1761 740 1795 invidiam
755 1788 764 1803 ‚
781 1762 920 1794 tandem
937 1761 1099 1803 advenit,

230 1811 382 1855 Eiusque
398 1812 505 1845 verba
519 1810 648 1855 Vulpis
664 1811 760 1844 audit
776 1809 911 1845 ultima.

230 1860 307 1893 Vix
323 1859 528 1904 introgressa
543 1872 551 1893 z
566 1860 627 1893 Me
638 1886 647 1900 ‚
663 1859 711 1892 ait
722 1886 731 1901 ,
745 1859 944 1893 excusatam
960 1857 1049 1892 velis
1063 1884 1070 1899 ‚

232 1908 461 1956 Magnanime
476 1909 639 1954 princeps
650 1934 659 1951 ,
673 1909 703 1942 si
720 1907 803 1954 quid
817 1907 864 1942 est
875 1932 884 1949 ,
898 1918 958 1941 cur
974 1917 1046 1941 non
1061 1906 1146 1941 satis

361 1208 384 1231 ‘ss
