1268 2361
225 97 461 144 LIBER
521 108 843 145 SEXTUS.
949 117 1034 163 129

40 179 151 215 Totas
167 191 234 226 ego
250 192 339 214 unus
355 179 494 225 poss‘um
509 205 518 222 ‚
534 180 583 213 ait
597 180 700 215 ferox
716 192 800 226 aper
816 208 827 223 ,

0 250 1 269 1
40 229 206 263 Evertere
222 229 317 263 acies
334 240 433 263 more
448 229 621 263 fulmineo
638 241 756 264 ruens.

39 277 115 323 Ego
129 303 138 318 ‚
154 278 274 322 vulpis
290 278 406 322 inquit
420 304 430 319 ‚
446 277 662 311 insidiatoris
678 279 797 312 vicem

37 325 197 370 Implebo
215 339 225 365 ·,
241 327 354 360 virtus
371 327 404 360 &
420 327 521 360 dolus
539 328 682 360 aderunt
699 328 798 361 mihi.

37 374 121 416 Me,
139 375 264 409 simius
281 375 328 408 ait
344 401 353 416 ,
370 374 518 419 perstare
534 375 571 408 in
588 375 704 409 castris
721 377 822 410 decet
839 388 850 414 ·‚

37 422 173 468 Regem
189 423 374 458 oblestabo
391 424 548 457 dulcibus
565 423 749 468 praestigiis
767 451 776 466 ,

36 471 243 516 Fess'umque
259 473 423 518 gravibus
440 473 533 506 curis
549 471 707 507 reficiam
725 483 842 518 caput.

36 520 158 555 Partes
174 521 239 554 sibi
255 522 332 555 suas
350 521 498 566 quisque
511 522 594 555 dum
608 522 658 555 sic
675 522 834 556 vindicat
848 549 858 563 ,

36 569 215 603 Demissis
231 571 351 603 asinus
368 570 510 604 interim
528 570 694 604 auriculis
710 571 790 604 silet
804 597 814 612 ‚

37 617 196 662 Siletque
211 619 341 662 pariter
359 630 508 663 corpore
523 619 703 652 contracto
721 622 821 664 lepus
840 633 850 658 ;

38 666 202 710 Stuporis
219 667 278 701 ille
293 693 301 708 ‚
319 678 354 701 at
368 668 425 701 hic
443 668 582 701 timoris
597 668 760 701 conscius
780 681 788 702 ε

36 714 81 748 Et
95 725 283 761 utrumque
300 725 445 760 carpunt
463 716 569 749 ceteri
585 743 593 756 ,
613 717 646 749 ὅε
664 727 811 750 onerant
828 717 964 762 probris
980 730 990 756 ;

39 763 83 797 Et
98 763 165 798 effe
183 764 288 798 castra
304 765 481 798 liberanda
497 765 658 798 dietitant

36 812 176 847 Stolido
193 824 234 846 ac
250 813 354 847 inerti
367 825 497 858 pecore
516 826 523 847 :
542 814 599 847 sed
616 814 688 847 Leo
707 825 809 860 negat
827 828 835 848 :

36 861 81 894 Et
94 886 104 902 ‚
122 861 169 894 Hi
186 873 328 907 quoque
345 873 489 907 operam
507 863 689 896 conferent
704 889 713 904 ‚
731 865 778 896 ait
795 891 803 904 ,
821 863 943 898 utilem
961 877 971 897 ·,

37 910 243 955 clangentis
260 911 379 945 asinus
396 911 555 945 buccinae
572 911 729 945 imitetur
746 913 852 946 sonos
868 926 876 947 z

37 957 154 1003 'Lepus
172 959 322 993 cursoris
339 960 546 1005 defungatur
564 971 722 994 munere.

87 1008 202 1041 Nemo
216 1007 263 1042 est
278 1018 350 1041 tam
366 1009 504 1053 ineptus
520 1035 531 1050 ‚
546 1020 564 1042 a
582 1009 697 1053 perito
715 1009 774 1053 qui
791 1011 880 1043 duce

36 1052 92 1090 'Ad
108 1056 241 1101 aliquid
256 1067 356 1101 aptus
373 1058 529 1091 inveniri
547 1069 620 1091 non
635 1069 750 1102 queat.

429 1147 584 1195 ⁸³:32}
883 1162 901 1185 >-

234 1246 266 1289 F
290 1244 330 1288 A
357 1246 391 1290 B
424 1245 470 1290 U
499 1245 534 1290 L
563 1245 602 1289 A
668 1246 715 1291 X
741 1248 760 1292 I
784 1248 842 1292 V.

316 1339 466 1405 Pastor
487 1338 529 1384 δ’
548 1338 770 1404 Moloffics.

39 1409 151 1486 M
164 1462 189 1486 ο
202 1463 221 1486 1.
235 1462 260 1486 ο
272 1463 288 1487 s
299 1462 316 1487 s
328 1463 355 1487 U
368 1463 401 1486 M
419 1454 567 1488 habebat
582 1454 699 1500 Pastor
715 1454 803 1488 mira
816 1455 1003 1499 praedirum

38 1501 182 1535 Virtute
197 1529 205 1543 ‚
223 1502 470 1547 custodemque
487 1504 693 1547 praeclarum
707 1504 822 1549 gregis
841 1518 848 1538 :

40 1551 108 1584 Sed
123 1552 206 1584 dum
220 1562 390 1586 voracem
405 1578 414 1592 ‚
431 1552 514 1585 dum
529 1551 733 1585 famelicum
750 1553 857 1586 nimis

39 1599 283 1643 Conqueritur
299 1612 310 1638 ·,
328 1600 456 1645 aliquis
472 1600 642 1644 persuasit
655 1626 666 1642 ‚
681 1600 733 1634 uti
749 1604 917 1635 venderet

38 1645 143 1689 Istum
159 1648 362 1681 helluonem
376 1675 385 1688 ‚
405 1649 437 1681 &
453 1649 535 1682 hinc
551 1650 662 1690 duos,
677 1651 737 1683 vel
753 1660 822 1683 tres
842 1662 948 1683 canes

39 1695 241 1730 Redimeret
257 1696 346 1730 alios
361 1723 370 1737 ‚
388 1708 530 1740 operam
547 1699 607 1741 qui
621 1697 758 1742 poss‘ent
774 1710 894 1742 parem

43 1743 156 1778 Simul
173 1744 337 1778 adhibere
350 1771 359 1787 ,
375 1746 408 1778 &
422 1746 561 1779 levibus
580 1745 748 1790 impensis
767 1748 824 1781 ali.

39 1791 132 1838 Ergo
149 1793 338 1838 generosus
353 1820 362 1834 ‚
381 1794 414 1826 ὅ(
431 1793 542 1827 fidelis
554 1820 563 1835 ‚
582 1796 616 1828 ἂ
632 1805 735 1828 vetus

43 1839 192 1880 Eiicitur
208 1842 346 1885 hospes.
366 1843 410 1874 At
426 1842 488 1875 ubi
503 1842 610 1876 sensit
625 1842 695 1885 jam
711 1845 835 1887 procul

41 1889 73 1921 A
88 1900 191 1935 grege
209 1891 387 1924 valentem
402 1889 514 1925 abeffe
531 1890 706 1925 custodem
723 1894 825 1936 lupus
840 1918 854 1932 ,

772 1942 796 1974 F
824 1952 854 1974 w
