1313 2367
215 119 277 182 36
375 120 456 164 ΡΑ
478 129 529 164 Β.
561 120 1037 171 AESOPIARUM

264 201 352 235 Cszm
369 201 403 235 se
419 201 553 235 dolosis
570 202 702 235 artibus
718 202 840 236 mitem
856 204 1020 246 exhibet,

213 250 314 285 Tunc
332 249 379 284 est
395 250 548 284 timenda
567 251 724 285 maxime
744 252 940 287 crudelitas.

344 330 1069 378 &asta-z»

403 429 434 472 F
459 428 499 473 A
527 428 560 472 B
590 429 635 473 U
665 429 700 473 L
726 428 766 474 A
833 429 881 475 X
907 430 956 475 X
981 431 1014 475 I.

585 524 834 586 Fringuilla.

217 596 339 674 AQU
352 648 372 672 c
386 648 407 672 E
418 648 438 672 P
448 649 464 672 s
483 637 711 684 Fringuillam
729 638 809 673 esim
827 637 968 683 cepifi‘et
979 665 988 680 ‚
1003 649 1044 673 ac
1059 637 1183 684 pedem

214 688 293 721 Filo
309 687 476 733 alligzifl‘et
487 713 496 728 ,
513 689 660 731 puerulo
676 689 766 721 hanc
783 689 877 721 dono
894 688 1000 722 dedit.

216 737 283 769 Sed
299 736 390 769 inter
404 736 568 769 homines
585 736 644 769 illa
662 736 772 769 vitam
790 747 863 769 non
877 736 990 770 ferens
1002 761 1013 778 ‚

215 785 288 818 Ubi
302 785 475 819 libertatis
493 785 611 829 aliqua
628 785 661 818 se
678 785 754 828 spes
772 785 902 818 obtulit
915 811 924 825 ‚

214 833 319 879 Fugit
330 860 338 874 ‚
352 833 518 878 notisque
535 833 739 866 nemoribus
755 833 789 866 se
808 833 976 867 condidit.

216 882 263 915 At
279 883 501 916 subsecutum
518 882 660 915 ramulis
678 881 777 915 filum
794 881 901 916 inscia

214 931 381 974 ‘implicat
395 957 403 971 ‚
422 932 456 964 ἃ
472 933 560 964 ultra
577 930 646 971 jam
663 932 785 964 volare
802 942 875 964 non
890 930 1026 974 potest·,

215 980 430 1024 Reperitque
448 991 598 1013 mortem
609 1006 618 1020 ,
632 979 837 1013 servitutem
854 981 934 1013 dum
951 980 1054 1027 fugit.

263 1029 360 1063 Leve
377 1030 542 1062 damnum
561 1028 664 1061 suffer
675 1054 688 1069 ,
701 1039 744 1061 ne
762 1040 868 1073 grave
885 1028 1043 1062 incurras
1061 1028 1208 1066 malum

348 1123 373 1148 ,ς
543 1132 549 1134 -
604 1104 1083 1153 -εεῑῗβ--ῌὶ

378 1195 408 1240 F
437 1193 478 1237 A
506 1194 539 1238 B
570 1193 614 1238 U
644 1192 681 1236 L
708 1192 749 1236 A
816 1191 864 1237 X
893 1191 941 1237 X
969 1193 986 1238 Ι
1011 1193 1047 1237 1.

575 1289 714 1333 Ranae
738 1288 844 1335 duae.

220 1363 296 1442 C
312 1416 338 1440 U
352 1415 386 1438 M
403 1405 533 1439 fureret
548 1403 642 1437 aestas
659 1403 851 1437 immodica
863 1430 872 1444 ‚
888 1403 985 1437 suam
1001 1404 1077 1438 duae

217 1455 383 1490 Paludem
400 1455 506 1487 Ranae
523 1453 691 1486 siccatam
708 1453 940 1496 reliquerant,

216 1504 414 1547 Inopesque
432 1502 564 1535 circum
581 1501 742 1534 errabant
759 1511 952 1544 quaerentes
969 1512 1109 1545 aquam.

220 1553 274 1585 Ad
290 1561 434 1596 puteum
452 1552 591 1583 tandem
608 1548 799 1582 deveniunt
814 1561 824 1587 ·‚
839 1559 948 1593 utque
964 1549 1064 1583 uberi

220 1601 324 1634 Illum
341 1600 471 1632 scatere
488 1609 656 1643 aquarum
674 1597 778 1641 copi&
793 1597 930 1637 vident,

222 1649 407 1683 perbibere
424 1647 572 1691 cupiunt
584 1672 593 1686 ‚
608 1644 746 1689 unzique
762 1658 769 1679 ε
786 1647 864 1679 Huc
881 1657 943 1691 age
955 1672 964 1686 ‚
979 1657 1002 1679 0
1018 1646 1139 1688 sororj

220 1698 339 1740 Quin,
354 1696 490 1741 inquit,
504 1696 592 1729 saltu
608 1694 783 1728 mittimus
800 1695 1006 1737 corpuscula
1020 1696 1035 1730 ἓ

222 1747 289 1780 Sed
305 1747 411 1779 altera
426 1758 433 1778 z
451 1744 518 1777 Hic
535 1744 566 1777 si
581 1753 707 1787 puteus
723 1743 853 1776 aruerit
869 1754 1033 1787 quoque,

215 1795 298 1828 Inde
315 1805 469 1828 remeare
486 1804 558 1837 quo
573 1791 770 1825 valebimus
787 1793 895 1824 modo
909 1793 923 1826 ἓ

213 1843 286 1877 ltus
303 1843 350 1878 est
365 1843 565 1886 imprudens
578 1866 588 1883 ,
601 1841 641 1875 de
658 1840 769 1877 redizu
786 1840 816 1874 si
833 1851 905 1874 non
921 1838 1046 1884 liquet.
