1268 2361
167 146 340 191 LIBER
372 156 634 191 DECIMUS
667 141 942 201 QUINTUS.
977 144 1073 208 389

78 225 238 261 Locutus
251 253 260 268 ‚
274 227 388 272 inquit
403 229 416 262 ἓ
434 227 545 260 immo
561 227 663 261 volui
679 227 793 261 dicere

79 275 172 308 Illud
183 301 192 315 ‚
210 277 304 320 quod
320 275 386 309 effe
404 276 562 320 comperi
578 287 702 309 verum
719 276 823 309 nimis
835 301 845 317 ‚

76 323 202 357 Meum
217 335 236 357 a
249 334 312 357 tuo
329 323 425 358 fuiffe
441 326 636 368 porcellum
650 335 734 358 cane

78 371 259 406 Occisum.
275 373 307 406 Is
321 384 404 418 ergo
420 373 544 406 fecerit
561 373 714 417 aliquam
728 372 826 417 prior

76 419 243 461 Iniuriam
255 447 264 461 ‚
280 421 395 465 inquit
409 421 587 454 Dominus
602 434 612 459 ·‚
629 422 663 454 ὅ(
676 422 744 454 hoc
758 420 861 465 patilo
878 419 974 454 suam

80 468 154 502 Sibi
170 469 364 512 perniciem
380 468 500 503 stultus
517 470 758 504 arcessiverit:

79 517 174 550 Male
189 518 330 561 quidem
344 518 471 551 factum
488 530 498 556 ·‚
512 530 604 551 nunc
621 529 738 552 tamen
754 517 834 551 satis
851 517 897 551 est
911 516 999 551 mihi

79 564 187 608 Quod
201 566 333 599 crimen
348 566 450 607 huius
464 578 570 610 poena
581 593 589 606 ‚
605 577 699 600 mors
712 592 721 607 ‚
735 566 819 608 justa
835 566 934 600 eluit.

78 613 147 646 Abi
162 626 172 651 ·,
187 624 337 659 tuosque
352 626 480 658 porcos
497 615 621 648 melitis
637 616 745 648 educa
761 641 770 655 ,

79 662 122 694 Et
139 662 270 706 aliquid
286 674 451 706 umquam
468 663 582 696 simile
600 675 642 696 ne
659 674 806 707 peccent
817 689 826 703 ‚
840 673 939 699 cave.

127 710 165 743 Si
182 722 259 743 cum
277 721 421 754 potente
435 713 600 746 damnum
617 711 893 755 expostulaverit

78 758 211 792 Tenuis
223 785 232 800 ‚
247 760 354 792 abibit
372 760 497 803 saepius
511 760 576 792 vix
590 761 775 793 innocens.

212 848 939 896 .<————=3,ffoegsss·

202 934 555 979 FABULA.
624 933 947 980 XXXIX.

324 1029 487 1073 Taurus
508 1030 546 1073 ἂ
569 1030 705 1074 Canes
724 1032 822 1076 duo.

80 1099 186 1175 TA
198 1151 226 1176 υ
238 1151 263 1176 R
274 1152 301 1176 υ
314 1152 330 1176 s
350 1142 500 1176 animosi
516 1142 667 1187 pectoris
685 1143 763 1176 ct‘tm
779 1143 936 1178 fervidos

81 1191 158 1223 Vix
171 1190 282 1234 poffet
298 1190 396 1224 aestus
412 1192 499 1225 ferre
515 1217 525 1232 ‚
537 1191 681 1232 jactabat
695 1202 816 1235 caput,

80 1239 280 1273 Minacibus
296 1251 394 1273 auras
408 1241 608 1273 verberabat
622 1240 786 1273 cornibus
803 1266 812 1280 ‚

80 1287 226 1321 Pedibus
242 1290 413 1321 revellens
431 1298 531 1331 putre
546 1288 698 1321 fodiebat
714 1288 827 1321 solum
842 1314 852 1329 ,

79 1335 283 1379 Levemque
300 1335 368 1369 late
385 1336 571 1380 dissipabat
585 1337 779 1380 pulverem.

80 1384 217 1417 Interea
231 1395 348 1428 opacae
366 1385 509 1418 fronde?¹
526 1385 587 1418 sub
603 1384 734 1418 arboris

81 1433 107 1466 F
111 1432 232 1468 ornice
244 1459 253 1472 ,
270 1433 382 1476 quieti
397 1434 550 1466 membra
564 1433 759 1476 tranquillae
776 1433 901 1468 dabant

82 1481 170 1514 Duo
185 1480 340 1514 Molossi
355 1494 363 1514 ε
379 1492 468 1526 quos
485 1481 514 1514 is
531 1481 721 1525 adspiciens
736 1491 842 1515 vocat

81 1528 224 1573 pigros,
239 1529 368 1562 inertes
384 1542 393 1567 3
411 1529 532 1570 objicit
547 1530 580 1563 ὃ(
594 1530 788 1563 socordiam
804 1542 813 1563 :

80 1576 236 1610 Virtutis
251 1577 302 1610 illi
318 1578 375 1610 sed
387 1578 454 1611 suae
470 1579 558 1611 bene
574 1577 727 1618 conscii,

81 1625 291 1658 Insanientis
307 1637 398 1659 vana
412 1636 643 1659 contemnunt
659 1627 806 1670 probra3

80 1673 124 1706 Et
140 1673 188 1706 nil
203 1683 404 1708 moventur.
421 1674 530 1709 Paulo
546 1674 624 1718 pbst
639 1686 754 1708 autem
771 1675 897 1708 accidit
909 1701 920 1716 ‚

80 1721 176 1754 Idem
192 1731 231 1754 ut
244 1722 407 1764 superbus
425 1722 484 1756 iste
501 1733 600 1756 novo
615 1723 728 1756 subito
743 1723 878 1767 impetu

80 1770 135 1803 Ad
147 1769 350 1813 proximum
363 1771 444 1804 hinc
458 1771 490 1804 se
505 1771 721 1814 praecipitem
735 1782 850 1816 ageret
863 1783 987 1807 nemus
1000 1785 1011 1807 z

84 1818 173 1850 Cilrn
191 1817 311 1850 cunCta
326 1829 434 1861 porro
450 1829 580 1852 temere
594 1819 766 1860 lustraret,
781 1821 868 1853 duos
879 1846 887 1862 ,

83 1866 186 1908 Quos
199 1877 217 1898 e
233 1866 384 1900 latibulis
398 1867 514 1912 egredi
530 1877 691 1911 coegerat

82 1914 285 1959 Importuna
300 1915 408 1950 fames
420 1940 430 1958 ,
447 1915 574 1949 obvios
590 1915 708 1950 habuit
724 1915 856 1959 Lupos.

779 1964 810 1998 R
834 1963 873 2005 iii
