1225 2367
162 145 254 195 332
323 99 1012 179 FAB.AEsoi01ARzJM

159 213 405 257 stolidumque
414 239 422 253 ‚
437 223 563 247 nutans
574 239 582 254 ‚
598 213 824 257 pandiculans
836 239 845 255 ‚
859 213 1011 248 vitulum
1022 214 1151 250 refert?

159 263 275 295 Senex
289 261 430 305 reponit
443 274 451 295 ε
468 262 612 295 Vitulus
631 263 665 295 &
678 264 820 296 vetulus
835 261 924 296 nihil

158 311 254 343 Inter
267 310 301 343 se
314 311 443 343 habent
457 321 643 344 commune
660 323 668 344 ε
683 311 713 344 si
727 311 817 355 sapis
829 337 838 352 ‚
851 311 948 344 viam

158 358 268 403 Perge
283 359 368 392 hinc
379 385 388 400 ‚
402 361 518 402 puella
532 371 540 392 :
555 369 589 392 te
605 360 693 392 bene
706 360 776 392 hoc
787 361 929 393 vetulus
944 369 1080 396 monet.

159 408 198 440 Id
213 406 321 450 porro
336 407 476 451 penitus
489 408 601 440 habeo
617 407 688 450 jam
704 407 818 441 fixum
832 409 866 441 &
879 419 994 442 ratum
1009 421 1018 442 :

159 455 254 488 Mihi
268 455 437 500 quidquid
448 456 612 490 homines
627 456 738 490 otiosi
757 457 988 502 obganniant‚

160 504 364 547 Despiciam
377 530 386 545 ,
401 505 435 538 ὅ(
451 505 627 538 obdurabo
641 505 818 549 propositi
831 516 951 541 tenax.

210 553 365 597 Elegeris
380 555 625 598 quodcumque
640 554 788 588 vivendi
802 566 910 600 genus
921 580 933 595 ‚

161 601 324 634 Erratum
338 602 378 634 ab
393 602 510 646 aliqua
525 612 622 646 parte
636 603 698 646 qui
711 601 879 644 objiciant
892 603 957 636 tibi

161 650 299 684 Fabella
312 661 504 695 numquam
519 651 698 684 defuturos
711 661 921 695 praemonet.

291 755 317 780 ις
551 739 772 787 &disp-fi
1006 753 1030 779 9

363 825 760 872 FABULA
839 826 953 873 XI.
1197 855 1216 915 ὁ

402 920 603 966 Hir-undo
620 918 661 966 ὃ*
673 921 721 965 A
725 937 792 966 ves
804 922 916 968 aliae.
1203 915 1219 942 e

169 993 263 1070 H
277 1045 292 1068 1
305 1044 329 1068 R
341 1044 368 1069 U
380 1045 406 1069 N
417 1044 444 1068 D
459 1044 483 1068 ο
497 1061 505 1076 ,
523 1036 651 1068 multas
669 1046 745 1079 quae
761 1035 925 1080 regiones
938 1034 1077 1070 viderat

165 1084 372 1129 Peregrina,
388 1084 572 1128 moresque
586 1086 802 1127 populorum
822 1083 943 1118 sedulo

167 1133 316 1165 Notarat
327 1159 335 1173 ‚
355 1133 634 1165 animadvertens
648 1133 837 1165 cannabem
853 1131 919 1165 seri
933 1158 943 1174 ‚

168 1181 227 1214 Sic
241 1183 391 1214 allocuta
408 1180 456 1214 est
470 1180 603 1214 Avium
620 1181 882 1214 multitudinem
897 1193 916 1214 :-

165 1229 270 1263 Hanc
282 1255 291 1270 ,
304 1230 412 1274 usque
428 1239 569 1262 euntem
588 1229 622 1262 &
636 1240 747 1273 usque
760 1230 963 1263 redeuntem
975 1255 983 1269 ,
998 1228 1088 1264 aeris

168 1277 235 1311 Per
251 1278 354 1312 inane
365 1303 375 1318 ,
390 1289 464 1311 non
479 1277 653 1322 adspicitis
669 1277 833 1323 agricolae
847 1279 1016 1312 manum?

169 1327 279 1369 Quod
295 1326 354 1360 illa
371 1327 489 1361 semen
503 1326 609 1359 hodie
624 1327 817 1361 committit
830 1327 907 1360 solo
923 1352 933 1368 ‚

168 1376 211 1409 In
227 1375 459 1409 calamitatem
473 1374 623 1408 vestram
640 1375 674 1408 id
689 1376 851 1420 exsurget
867 1374 968 1408 brevi
981 1386 995 1413 3

169 1423 266 1457 Hinc
282 1435 430 1468 namque
447 1423 533 1457 fient
549 1423 708 1457 exitiales
725 1423 892 1457 machinae
903 1449 913 1464 ‚

170 1472 309 1514 Quibus
326 1474 511 1506 volantum
525 1471 626 1506 facile
640 1483 724 1516 gens
738 1472 854 1515 possit
867 1471 966 1515 capi:

171 1521 265 1564 Ergo
282 1521 373 1565 agite
385 1547 393 1561 ,
408 1521 517 1566 glebis
536 1530 724 1563 antequam
737 1520 851 1553 versis
867 1521 996 1553 humus

172 1569 372 1602 Abscondat
383 1594 392 1609 ‚
408 1568 468 1601 ista
483 1567 600 1601 rostris
616 1567 843 1612 diligentibus

173 1616 347 1660 Surripite
362 1628 484 1661 grana,
501 1616 639 1660 penitus
659 1617 691 1649 ὅ(
705 1616 914 1651 consumite.

173 1665 384 1700 Hirundinis
400 1665 532 1698 salubre
551 1664 738 1698 consilium
754 1665 852 1709 sequi

174 1715 300 1747 Turbae
315 1715 413 1748 leves
429 1713 585 1747 recusant
602 1723 610 1744 t
626 1714 662 1747 in
677 1715 802 1747 eodem
814 1714 896 1746 loco

174 1763 248 1796 Tot
264 1762 470 1807 colligendis
484 1788 493 1804 ‚
509 1761 706 1806 talibusque
724 1762 876 1807 granulis

175 1811 277 1856 Piget
293 1810 491 1851 immorari,
509 1821 601 1844 nunc
617 1811 805 1855 praesertim
821 1837 830 1851 ‚
845 1810 976 1845 fertiles

177 1860 268 1893 Cum
284 1860 318 1893 se
332 1871 394 1904 per
405 1871 506 1905 agros
523 1869 654 1893 temere
667 1859 937 1893 discurrentibus

177 1908 220 1943 Et
233 1908 340 1943 dulcis
358 1909 392 1943 &
407 1909 542 1954 capessi
552 1907 662 1944 facilis
679 1907 804 1942 offerat
