1313 2367
184 91 268 151 xvj
392 91 967 136 PRAEFATIO.

184 170 280 219 fuit,
302 169 423 210 Persis
443 171 614 210 habitum
635 170 707 210 effe
727 170 965 210 Locmanum
987 164 1174 210 existimai

182 236 284 263 runt.
308 224 497 263 Dicuntur
517 225 665 263 fabellae
686 224 760 263 istae
779 239 800 264 e
820 227 966 277 persica
985 223 1145 278 lingua
1132 238 1173 263 m

183 279 372 316 arabicam
402 279 686 338 elegantissimo
714 277 798 318 stilo
833 277 938 317 fuisse
967 277 1176 317 conversae.

184 330 280 370 Satis
301 332 457 394 quidem
476 332 632 379 facetae,
656 332 811 384 satisque
834 332 1026 384 simplices
1048 345 1095 371 ex
1117 332 1179 368 in-

183 389 459 438 terpretatione
476 387 590 424 latina
607 384 909 424 demonstrantur
924 386 1178 438 plerumque.

183 451 225 477 at
243 440 435 478 interdum
454 439 656 478 sententias
676 439 741 478 vel
761 438 938 487 insulsas,
956 439 1021 478 vel
1028 451 1178 501 parum

182 493 403 545 probabiles
423 493 617 532 exhibent.
635 491 811 531 Numero
831 492 914 532 sunt
932 494 1092 532 omnino
1114 493 1181 530 tri·

184 547 291 598 ginta
314 546 493 598 septem.
517 560 675 599 quarum
702 547 838 585 decem
863 547 904 585 &
930 545 1018 585 οᾶἶο
1043 545 1178 584 Tana-

185 600 325 651 quillus
352 600 506 646 Faber,
536 599 826 647 Cadomensis,
852 601 1025 639 versibus
1052 599 1177 638 latinis
1226 603 1230 607 ’

184 652 340 692 senariis
362 653 559 702 reddidit,
584 654 650 692 vel
671 655 796 706 potius
818 652 1094 705 amplificavit3
1119 664 1181 692 at-

186 720 263 759 que
284 708 387 746 auxit
405 707 560 764 quidem
583 707 695 745 laude
718 722 797 745 non
819 707 1032 755 mediocri,
1057 720 1182 760 quan-

185 773 302 811 quam
327 759 380 799 est
405 775 486 812 eJus
507 761 603 799 ratio
627 761 801 799 narrandi
822 761 936 813 paulo
959 761 1178 801 verbosior.

186 812 303 852 Obiit
325 827 454 853 autem
477 813 599 853 Faber
623 814 793 854 Salmurii
820 815 880 853 die
911 827 957 852 12
982 813 1182 877 Septemb.

185 881 250 906 an.
277 868 375 918 1672
385 898 413 933 .’
422 879 522 907 aetat.
546 881 593 920 57
607 897 618 915 ‚
639 870 699 907 vir
720 868 926 919 praeditus
917 870 1074 921 ingenio
1095 881 1182 920 per-

187 922 292 970 acri,
313 923 496 975 variaque
515 922 559 962 &
577 923 765 975 exquisita
785 921 955 962 ἀοξὶῐίηει
975 921 1184 963 instruens.

243 1027 329 1068 ΙΙΙ.
354 1028 592 1070 ΡΗΔεῠΚυ
607 1043 655 1078 5,
677 1029 778 1069 sorte
799 1029 956 1077 servus,
981 1041 1095 1083 gente
1117 1044 1184 1069 au-

187 1093 269 1122 tem
299 1097 379 1121 non
407 1081 535 1122 Thrax
557 1114 568 1131 ,
600 1094 642 1122 ut
668 1084 786 1136 vulgo
816 1059 995 1122 tradittim
1027 1082 1079 1122 est
1100 1113 1111 1129 ‚
1142 1095 1183 1123 at

187 1136 386 1184 Macedo,
412 1148 453 1175 ut
478 1138 659 1189 equidem
681 1152 793 1184 reor,
818 1137 887 1175 &
879 1152 917 1175 in
937 1151 1040 1176 nova
1064 1136 1181 1176 fabu-

188 1190 310 1229 larum
335 1190 416 1240 ejus
438 1190 607 1230 editione
632 1189 890 1230 demonstrare
914 1191 1114 1238 conabor,
1142 1192 1182 1229 in

188 1257 238 1282 ea
260 1244 371 1282 Pierii
394 1246 534 1282 montis
558 1257 694 1297 parte,
723 1259 807 1296 quae
834 1244 881 1282 ad
906 1244 1182 1283 Macedoniam

188 1300 389 1350 pertinet,
416 1310 526 1355 natus
549 1297 615 1337 est.
638 1298 748 1337 Vixit
768 1298 1004 1350 temporibus
1029 1297 1185 1336 ORavii

189 1350 351 1404 Augusti
372 1365 383 1398 ·,
408 1352 446 1389 in
466 1350 572 1402 cujus
594 1351 713 1390 domo
734 1351 915 1390 educatus
930 1381 941 1398 ‚
965 1352 1182 1390 libertatem

190 1405 240 1443 ab
261 1405 344 1456 ipso
362 1407 519 1457 recepit.
550 1405 646 1444 Puer
666 1405 899 1454 admodum,
921 1405 1044 1444 latinis
1067 1406 1183 1443 literis

190 1459 361 1497 eruditus
383 1457 461 1496 est:
482 1457 613 1510 postea
635 1460 749 1510 genio
774 1458 839 1497 suo
855 1488 868 1507 ,
890 1459 1045 1510 paulum
1069 1458 1183 1496 mali-

191 1525 301 1565 gno,
321 1511 535 1564 vafroque,
558 1514 716 1550 nimium
728 1512 963 1574 indulgens,
986 1512 1184 1550 calamita-

191 1576 250 1604 tes
275 1542 343 1603 sibi
364 1565 443 1603 illas
466 1564 576 1605 facile
601 1567 838 1604 arcessiverit
853 1596 865 1613 ‚
887 1579 1043 1617 quarum
1064 1564 1182 1604 histo-

193 1620 289 1657 riam
313 1632 533 1667 narramus,
561 1619 663 1657 Prol.
686 1619 769 1658 Lib.
794 1618 844 1657 X.
870 1618 1095 1657 Accusatori.
1115 1618 1185 1657 suo

192 1670 333 1721 Seiano
360 1671 541 1723 superstes
560 1703 571 1720 ‚
603 1673 724 1710 adhuc
749 1672 933 1711 sentiebat
959 1671 981 1710 8
1006 1685 1084 1710 non
1108 1686 1181 1724 pa-

192 1739 280 1766 rum
301 1725 425 1766 abeffe
442 1755 454 1774 ,
479 1728 568 1779 quin
589 1725 698 1765 fieret
719 1725 823 1766 senio
848 1726 996 1765 debilis.
1015 1724 1192 1765 Inform-

235 1842 257 1875 8
279 1841 394 1875 Phaedr.
416 1842 447 1876 L.
469 1852 500 1882 4.
526 1842 602 1887 Ερίἲ.
622 1843 667 1878 Υ,
690 1844 739 1877 16.
