1268 2361
170 148 385 194 LIBER
427 159 878 193 UNDECIMUS.
949 149 1034 212 265

49 230 180 267 Audaci
194 240 354 276 agentem
366 257 375 271 ‚
390 230 530 264 audacia
544 241 618 264 non
631 231 758 274 dispari

53 281 208 314 Examen
221 291 327 314 omne
342 279 498 324 sequitur
514 291 521 312 :
536 279 595 312 ubi
609 290 733 324 pugnae
752 280 795 312 ad
809 280 928 313 locum

54 329 195 362 Venere
205 354 214 370 ‚
228 329 344 372 plures
359 328 393 361 se
407 328 443 360 in
457 337 614 361 catervas
629 328 791 361 dividunt
805 341 816 367 ·,

53 377 97 410 Et
110 376 148 410 in
163 377 368 421 elephantos
387 376 559 410 irruentes
571 402 580 416 ‚
595 376 772 410 lancinant

55 425 189 459 Hostile
204 436 331 469 corpus
343 451 352 465 ‚
370 424 437 469 qua
453 424 608 458 tenerior
621 425 669 458 est
683 425 772 459 cutis
790 437 802 464 ·‚

51 474 256 518 Aculeoque
274 473 462 517 pertinaci,
482 485 585 517 quam
600 473 706 507 semel

54 522 234 568 Pupugere
248 532 381 566 partem
394 547 402 562 ‚
418 522 640 566 perseverant
654 533 821 567 pungere.

54 571 269 605 Acen-imam
283 571 335 604 illi
349 581 508 615 quaerunt
522 571 609 604 hanc
625 571 820 605 molestiam

55 619 226 654 Excutere
238 646 247 660 ,
265 618 384 652 frustra
400 632 410 658 ·,
425 631 511 652 mox
527 619 597 652 suis
613 619 812 654 ductoribus

56 667 310 712 Obtemperare
329 668 501 713 denegant
515 681 524 706 3
540 679 627 701 mox
643 669 677 702 &
691 669 809 702 furunt

56 718 189 750 Contra
207 718 394 761 phalanges
406 743 414 756 ‚
431 728 514 760 quas
533 718 717 750 tuebantur
730 716 826 761 prius·
838 742 848 758 ,

55 765 99 799 Et
111 767 231 799 cedere
247 774 390 809 cogunt.
407 765 513 808 Quod
527 766 632 798 simul
646 765 834 799 adversarii

55 814 196 848 Norunt
211 840 220 855 ,
231 814 265 847 &
278 813 415 847 animos
432 814 466 847 δε
479 813 545 846 sibi
561 813 656 847 vires
672 825 786 848 novas

55 862 166 896 Simul
181 862 292 896 redire
307 862 460 895 sentiunt
471 888 480 903 ‚
497 863 531 895 ὅ(
546 861 719 906 impetum

48 911 219 945 ,Conferti
237 911 272 943 in
287 910 438 944 hostium
454 910 640 945 inclinatos
656 911 798 946 ordines

55 959 216 1004 Repente
229 959 363 993 faciunt
374 985 383 1000 ‚
401 959 601 1004 militesque
618 961 759 994 territos

55 1009 107 1042 Ac
120 1010 340 1053 perturbatos
354 1007 454 1041 facile
467 1019 611 1041 vertunt
625 1008 662 1041 in
678 1009 808 1054 fugam.

57 1057 256 1093 Victoriam
272 1068 357 1102 ergo
373 1057 525 1101 denique
545 1056 812 1092 illustrissimam

57 1100 147 1140 Sunt
163 1105 340 1139 consecuti
355 1117 365 1144 ·‚
380 1105 528 1149 cumque
549 1105 691 1149 posthac
706 1107 866 1141 laudibus

58 1154 340 1194 EXtollerentur,
357 1155 451 1186 nulla
468 1154 666 1187 Muscarum
679 1181 687 1195 ,
705 1155 833 1199 quibus

59 1203 222 1237 ‘ViCtoria
236 1203 420 1236 debebatur
430 1228 438 1241 ,
453 1201 541 1235 facta
555 1203 689 1236 mentio
704 1203 763 1237 est.

109 1251 289 1296 Significat
306 1252 378 1284 haec
391 1251 514 1283 fabella
531 1276 538 1291 ,
557 1251 646 1294 saepe
664 1262 856 1286 eventuum

60 1300 186 1334 Causas
202 1299 300 1334 fuisse
313 1299 552 1332 maximorum
566 1301 742 1342 parvulas.

190 1407 215 1431 ·ss
238 1396 242 1400 ·
454 1388 646 1439 2:312&
888 1403 913 1428 3.

217 1478 366 1522 FAB
393 1477 557 1522 ULA
624 1475 888 1523 XXVII.

263 1574 374 1617 Felis
388 1605 401 1628 ,
425 1574 604 1632 Vulpis,
627 1571 668 1619 G*
689 1574 850 1633 Lupus.

60 1648 154 1724 FB
167 1698 185 1720 L
199 1698 212 1720 1
224 1697 240 1720 s
253 1696 278 1726 Q
289 1696 316 1720 υ
329 1696 350 1720 ε
367 1686 567 1731 Vulpisque
583 1686 650 1721 una
667 1689 854 1732 carpebant
870 1687 969 1723 viam

3 1766 5 1770 Α
62 1737 333 1770 confabulantes
349 1747 356 1768 :
372 1736 412 1768 de
429 1735 504 1768 vita
516 1762 523 1775 ‚
541 1737 581 1769 de
598 1737 753 1770 moribus

61 1783 228 1819 Praeclara
244 1784 352 1816 multa
366 1782 570 1817 differebant
585 1798 591 1816 ε
609 1785 691 1828 quid
708 1785 805 1829 pium
816 1811 826 1825 ,

64 1833 161 1876 Quid
175 1833 322 1876 impium
339 1843 348 1868 ·,
362 1832 444 1875 quid
457 1841 558 1875 turpe
569 1858 578 1873 ‚
595 1833 679 1876 quid
693 1834 875 1867 honestum
888 1834 1001 1877 foret,

60 1881 232 1915 subtilitis
251 1880 326 1924 ipso
341 1879 555 1923 disputabant
569 1881 636 1913 Soc
656 1892 724 1915 ate.

62 1928 207 1975 Lupum,
214 1927 355 1978 interim
371 1927 492 1963 videre
505 1955 515 1971 ,
528 1929 607 1963 etun
621 1929 831 1975 discerperet
