1225 2367
193 132 287 177 240
354 118 508 162 ΓΑΒ.
541 114 1021 163 AESOPIARUM

190 200 315 233 Vestra
326 226 335 239 ‚
352 211 374 232 0
388 201 487 232 maiae
499 225 506 239 ‚
521 198 637 243 inquit
649 224 658 239 ‚
673 197 786 231 bestiae
797 225 806 239 ,
821 198 956 234 indoles
970 207 1088 245 patet:

189 248 271 281 'Vos
283 274 293 289 ,
309 249 415 281 video
426 273 436 289 ,
449 249 543 280 nulla
558 247 615 280 vis
630 248 792 281 amicitiae
808 248 904 292 prius

189 297 352 330 Sociavit
366 309 376 333 ·‚
389 307 458 328 una
475 296 531 329 sed
544 295 653 328 libido
668 297 822 339 perpulit
836 309 844 330 :

190 346 261 378 Res
277 344 450 378 fruCtuosa
463 355 613 388 namque
627 344 692 376 vix
707 344 938 387 proponitur,

191 393 375 427 Discordia
389 393 494 426 simul
511 392 624 426 media
640 403 708 426 vos
726 392 817 425 inter
829 392 942 427 venit.

325 481 797 530 ,ss—*ffioeg
1028 495 1051 520 D·

314 570 346 614 F
372 570 408 614 A
443 570 476 615 Β
510 569 554 614 U
587 570 623 614 L
658 569 698 614 A
760 568 808 615 X
840 568 889 615 X
919 568 967 615 X
998 570 1056 615 V.

415 666 623 729 Agricola
649 663 692 710 δ’
715 665 804 723 ejus
821 666 958 724 filius.

192 738 283 815 a&
298 788 324 814 G
335 789 360 813 R
371 788 418 813 1c
433 788 458 813 0
471 789 491 812 L
503 788 528 812 A
549 790 666 813 curam
682 778 758 813 fiIio
775 781 1001 813 mandaverat

190 830 323 873 Agrum
339 828 545 869 excolendi,
559 839 679 862 vetere
694 829 912 873 squalentem
928 828 998 861 situ
1010 851 1023 870 ,

189 877 516 921 Fmticantibusque
530 877 682 911 sentibus
699 876 767 911 lat'e
783 877 980 912 horridum.

189 927 296 959 Tanti
311 926 440 960 laboris
457 926 516 959 ille
532 926 681 970 speciem
699 937 774 959 non
785 926 868 959 tulit
882 938 893 965 3

189 975 394 1019 Silvamque
408 975 538 1009 foedam
554 975 618 1007 vix
632 975 745 1008 oculis
762 974 963 1009 lustraverat
975 999 987 1016 ,

188 1023 384 1057 Exterritus
399 1023 559 1057 recubuit
570 1049 578 1064 ‚
597 1023 631 1056 &
646 1025 704 1057 vel
719 1023 797 1056 otio
811 1050 821 1064 ,

188 1072 259 1105 Vel
276 1073 383 1106 etiam
399 1072 524 1106 somno
541 1082 652 1105 totam
669 1071 887 1116 consumpsit
902 1071 1010 1108 diem.

189 1121 298 1163 Quod
311 1121 359 1154 ita
372 1120 526 1154 accidiss‘e
540 1147 549 1161 ‚
565 1131 711 1165 propter
726 1120 969 1165 aegritudinem

188 1169 302 1211 Hujus
318 1168 408 1203 male
425 1169 655 1213 desperantis,
672 1179 711 1202 ut
726 1169 876 1203 advertit
892 1179 1013 1213 pater:

187 1219 262 1263 Age
273 1243 282 1259 ‚
296 1228 391 1258 nate,
411 1218 500 1251 dixit
511 1244 520 1258 ,
535 1217 618 1261 quid
633 1229 749 1262 operae
763 1217 809 1252 sit
825 1228 915 1262 opus
926 1244 936 1259 ,
951 1217 1033 1252 vide
1047 1229 1058 1252 z

188 1268 290 1299 Nunc
304 1266 364 1300 iste
375 1293 384 1308 ,
401 1268 489 1300 latus
504 1266 660 1311 quinque
674 1267 852 1300 dumtaxat
868 1267 972 1310 pedes
987 1291 998 1309 ,

188 1315 390 1360 Purgandus
402 1341 411 1357 ‚
425 1316 638 1349 exc01endus
653 1316 800 1359 angulus
815 1314 863 1348 est
875 1315 952 1349 tibi.

188 1363 220 1397 Is
238 1365 316 1398 cum
333 1363 521 1405 annuiffet‚
540 1364 573 1397 &
589 1363 679 1397 {adiu
697 1363 901 1398 facillimum

186 1413 291 1456 Opus
304 1413 373 1446 hoc
389 1413 550 1446 diurnum
567 1411 790 1456 comperisset
803 1424 812 1451 3
827 1414 974 1446 alterum

188 1461 386 1495 Consimile
400 1462 545 1505 pensum
561 1461 627 1494 sibi
643 1462 760 1494 datum
775 1460 940 1505 postridie

185 1509 370 1554 Aggreffus
386 1512 479 1543 ultro
495 1509 556 1549 est,
576 1510 610 1542 &
623 1509 697 1552 pari
713 1509 864 1542 absolvit
879 1509 1008 1543 modo:

186 1559 345 1602 Aliisque
362 1558 484 1591 deinde
500 1558 535 1591 se
552 1557 671 1590 diebus
689 1559 729 1590 ad
742 1557 850 1601 patris

186 1607 364 1650 implenda
380 1606 462 1648 justa
477 1605 692 1650 morigerum
707 1606 756 1639 sic
769 1605 947 1650 praestitit,

185 1655 235 1688 Ut
249 1657 379 1688 cultum
396 1655 468 1701 agri
484 1666 562 1698 pars
579 1656 672 1687 nulla
686 1666 759 1687 non
774 1655 961 1700 receperit.

186 1721 193 1726 —-
237 1703 382 1745 Obiesta
395 1715 510 1737 rerum
525 1714 649 1748 magna
662 1704 774 1736 moles
787 1705 946 1738 territat?

186 1751 324 1786 Partem
338 1752 472 1786 intuere
483 1779 492 1792 ‚
507 1752 540 1785 &
554 1753 736 1796 aggredere
750 1763 826 1785 eam
843 1752 980 1787 naviter
992 1763 1005 1791 ·‚

186 1801 277 1842 Quae
292 1801 392 1835 facil'e
407 1801 504 1834 votis
521 1800 580 1834 ubi
595 1801 664 1834 tuis
681 1801 898 1844 responderit
911 1827 921 1842 ‚

185 1849 274 1883 Aliae
289 1850 470 1895 sequentes
484 1849 636 1884 similem
648 1849 820 1884 habebunt
831 1849 982 1885 exitum.

956 1946 1175 1983 FABULA
