1313 2367
293 152 348 215 ἑο
448 152 601 195 FAB.
635 149 1116 197 AESOPIARUM

552 229 1009 276 =sssslffoeffi=
1016 246 1268 273 ——2

535 318 566 361 F
592 318 632 362 A
666 317 698 361 B
734 317 779 362 U
815 318 851 363 L
881 319 922 362 A
990 319 1024 363 Ι.
1068 280 1070 282 ·

599 414 680 456 Sol
707 410 750 457 ἃ
772 413 953 472 Aquilo.

284 484 335 562 S
354 536 379 560 o
393 536 412 560 L
432 527 611 571 quondam
629 526 663 559 ἃ
678 525 810 571 Aquilo
823 552 831 568 ‚
847 537 925 560 uter
939 527 1030 561 foret
1045 528 1240 573 valentior,

278 576 533 620 Delitigabant.
552 577 708 609 Demum
724 602 733 616 ‚
749 576 816 609 iter
833 576 895 621 qui
911 587 1069 620 carperet
1082 603 1092 618 ‚

279 625 475 658 Hominem
491 625 654 658 videntes
669 639 677 658 ;
693 625 735 657 In
752 635 833 657 eum
849 625 942 658 vires
958 651 968 666 ,
988 625 1154 670 inquiunt
1167 652 1178 670 ‚

277 673 453 707 Vicissim
469 673 601 707 nostras
619 673 772 717 experiri
791 673 876 717 quid
891 684 990 707 vetat
1006 676 1019 707 ἒ

279 723 442 756 Sciscunt
456 747 465 763 ‚
482 732 521 755 ut
533 748 541 763 ,
559 722 627 766 ipsi
644 722 792 766 pallium
811 722 872 766 qui
888 721 1074 756 excusserit
1087 749 1098 764 ,

279 773 312 804 Is
329 771 404 813 jure
421 771 549 803 merito
567 771 637 804 sese
653 770 828 804 vic‘torem
845 771 943 804 ferat.

278 821 370 853 Tum
386 820 520 864 primus
537 819 669 863 Aquilo
687 819 826 852 flatibus
847 819 1042 853 horrisonis
1057 820 1141 854 furit
1156 833 1165 855 z

275 870 322 901 At
339 870 373 902 se
386 869 507 901 viator
523 879 645 901 contra
658 868 735 901 vim
749 869 849 901 venti
867 869 992 903 arelius

276 917 450 951 Involvit.
469 918 561 961 Ergo
573 943 582 957 ,
599 916 782 961 postquam
800 917 949 960 profecit
967 918 1056 951 nihil

276 967 410 1010 Aquilo
422 992 431 1006 ‚
449 967 619 999 calentem
634 966 695 999 Sol
713 966 880 999 emolitur
898 967 1009 1000 facem
1024 993 1034 1008 ‚

276 1016 487 1058 Sensimque
503 1015 619 1048 radios
637 1015 850 1048 insinuando
867 1026 930 1059 per
945 1026 1063 1049 cutem

277 1064 439 1097 Viatoris
456 1063 539 1108 agit.
560 1064 623 1098 Ille
641 1075 728 1097 mox
744 1063 909 1097 exastuat
924 1076 933 1102 ·‚

277 1112 371 1145 Mox
389 1113 423 1145 &
439 1112 540 1157 gravi
556 1113 721 1145 humeros
739 1113 848 1156 pallio
864 1113 989 1156 sponte
1006 1112 1118 1147 exuit.

327 1161 413 1194 Vim
429 1161 468 1194 vi
485 1162 659 1204 repellunt
675 1161 838 1194 homines
855 1163 1061 1206 plerumque
1077 1175 1085 1196 :
1104 1160 1152 1196 ast
1166 1173 1229 1197 eos
1243 1187 1255 1205 ,

279 1209 364 1252 Quo
381 1211 458 1243 vult
469 1236 479 1251 ‚
494 1211 658 1243 volentes
676 1210 843 1253 pertrahit
858 1210 1071 1256 benignitas.

664 1301 878 1350 -ιῆῑτεα

480 1389 896 1435 FABULA
980 1391 1067 1436 11.

532 1486 731 1546 Agricola
759 1482 801 1528 δ’
831 1485 1015 1528 Οἰεοηὶα.

408 1319 432 1343 ,ε
1112 1318 1135 1342 .)·

284 1558 334 1636 S
346 1610 372 1634 Α
384 1609 407 1634 τ
420 1610 445 1633 Α
471 1599 699 1644 depascebant
715 1600 794 1632 laeta
810 1609 910 1643 grues
930 1599 964 1631 ἃ
981 1598 1130 1633 anseres.

278 1651 458 1694 Laqueum
475 1648 623 1682 tetendit
638 1648 802 1693 Agricola
819 1660 829 1684 3
847 1647 976 1691 eosque
996 1649 1029 1681 ὅ(
1046 1649 1151 1681 simul

281 1699 384 1743 Cepit
403 1697 601 1731 Ciconiam.
622 1698 683 1729 Illa
699 1696 787 1730 vero
805 1696 976 1739 supplicat
993 1709 1002 1735 3

278 1748 319 1781 Et
333 1748 367 1780 se
384 1747 608 1780 innocentem
625 1745 708 1778 dicit
722 1758 731 1782 ·‚
751 1745 784 1778 &
800 1755 913 1788 neque
929 1756 1050 1789 gruem
1065 1770 1075 1785 ‚

279 1798 402 1840 Neque
420 1795 575 1829 anserem
591 1793 657 1827 ess‘e
669 1806 679 1833 ς
693 1795 750 1827 sed
765 1793 885 1827 avium
899 1794 1059 1827 omnium
1075 1791 1245 1837 optimam
1255 1815 1268 1835 ‚

281 1846 329 1878 Ut
347 1856 423 1888 quae
441 1844 498 1888 pi'e
516 1854 674 1887 parentes
693 1841 846 1876 revereri
864 1842 944 1875 suos
957 1867 966 1883 ,

278 1894 456 1937 senioque
470 1892 597 1926 fre-&os
614 1893 704 1925 alere
722 1890 958 1924 consucverit.

280 1942 463 1988 Etiamque
479 1941 582 1976 vohis
597 1952 741 1986 operam
756 1966 765 1983 ,
782 1940 849 1982 ait,
865 1951 960 1974 navo
976 1939 1099 1974 utilem
1110 1964 1121 1983 ‚
