1268 2361
243 117 519 163 ‘LIBER
578 127 849 161 NONUS.
972 129 1061 176 199

83 208 447 238 «ηπ-Σ
457 197 677 243 ἑήζζβεε
688 215 794 230 :2
807 208 1054 235 *ffl--2

230 283 262 327 F
287 283 329 327 A
359 283 393 328 B
426 283 471 328 U
504 284 540 328 L
566 282 604 326 A
687 281 733 326 X
766 284 785 329 I
816 283 834 327 I
867 281 898 327 I.

490 378 640 423 Culex.

67 449 157 529 4&
168 501 188 526 Β
211 492 313 526 avida
329 503 462 537 procne
477 492 556 526 cum
573 492 670 526 suam
688 492 844 538 opprimi
862 493 975 528 Culex

69 542 224 576 Gentem
239 542 376 575 videret
386 569 395 583 ‚
412 542 514 575 aeriis
531 541 636 575 cessit
649 542 759 587 plagis
774 554 785 581 ·,

66 589 109 623 Et
125 591 159 624 se
175 591 309 634 recepit
324 590 439 623 rustici
455 591 564 623 vilem
580 591 618 623 in
631 592 765 624 casam:
781 594 785 596 “

67 639 134 672 Sed
149 649 400 683 usquequaque
416 639 504 672 retia
519 639 577 672 hic
593 639 782 672 extendere

65 687 202 720 Videns
220 698 380 720 araneam
397 701 404 721 :
424 688 523 728 Heu,
540 687 608 728 ait,
622 687 752 720 misero
765 687 853 720 mihi
882 690 886 691 ⁷

65 735 161 778 Quid
177 736 301 780 quaesii
319 737 332 770 ?
350 735 413 769 Iste
429 737 553 779 plenus
570 735 706 768 insidiis
724 736 824 769 locus
840 762 850 777 ,

64 782 194 817 Plefius‘
207 784 361 828 peticlis.
379 785 470 829 Ergo
485 785 671 817 textricem
689 784 756 817 sue

62 832 244 866 Inimicam
261 833 358 878 genti
373 832 593 873 abominatur
607 859 616 874 ,
634 833 667 866 ὅ(
685 832 787 877 fugit.

63 880 159 914 Hinc
172 882 214 914 ad
232 881 413 926 superbam
428 881 550 915 divitis
566 883 667 915 volat
683 883 827 915 domum
839 908 848 922 ‚

61 929 267 975 Furtimque
283 929 500 974 splendidum
517 930 553 963 in
568 932 737 964 conclave
753 939 909 976 permeat
923 941 933 965 ε

62 977 164 1011 Latet
176 979 399 1023 aliquandiu,
417 979 526 1012 animi
543 979 667 1013 dubius
678 1006 687 1020 ,
705 991 748 1013 an
764 980 846 1013 satis

62 1026 137 1060 Sibi
153 1028 273 1061 omnia
289 1029 428 1062 tandem
444 1038 518 1061 tuta
536 1028 618 1062 sint.
637 1028 821 1073 Postquam
839 1037 973 1062 metum

61 1074 199 1118 Abiecit
214 1087 358 1110 omnem
373 1103 382 1117 ‚
399 1087 444 1110 ex
458 1078 587 1122 angulo
603 1077 756 1121 erumpit
771 1078 862 1111 levis
876 1089 887 1115 ·,

60 1124 176 1168 Atque
192 1151 201 1166 ‚
218 1125 315 1158 Bona
328 1151 336 1166 ‚
354 1125 444 1159 dixit
455 1151 464 1166 ,
481 1125 612 1159 habitat
627 1126 689 1159 has
707 1127 795 1160 aedes
811 1127 911 1160 Salus
926 1138 936 1161 ε

60 1171 170 1206 Laute
185 1199 194 1213 ‚
211 1173 312 1208 beat‘e
327 1200 336 1214 ‚
351 1173 430 1208 τὐεὸ
446 1174 570 1208 vivere
585 1175 642 1208 hic
657 1175 752 1210 licet.

59 1221 145 1254 Nox
160 1221 303 1264 interim
319 1223 462 1262 advenit
476 1235 486 1261 ·‚
502 1225 736 1257 accenduntur
751 1223 884 1258 lumina
899 1234 910 1259 :

59 1269 186 1302 Novus
203 1269 262 1304 iste
281 1271 394 1304 Culici
410 1271 526 1316 fulgor
541 1271 679 1305 insueto
695 1273 811 1317 placet
825 1285 834 1307 :

59 1318 139 1351 Huc
154 1330 238 1364 ergo
255 1320 326 1353 ruit
341 1332 350 1358 3
367 1330 402 1352 at
417 1320 585 1353 ustulatur
598 1346 607 1360 ‚
627 1321 660 1367 ᾃ
676 1331 806 1366 crepat.

108 1367 206 1411 Saepe
222 1367 338 1401 hostes
355 1368 491 1412 sapiens
506 1368 565 1413 qui
580 1369 660 1402 suos
675 1369 782 1415 fugit,
797 1367 859 1403 sui

59 1413 133 1449 Sibi
148 1415 256 1449 hostis
272 1416 344 1461 ipse
361 1417 484 1450 deinde
500 1417 645 1451 stultitia
661 1418 764 1462 perit.

445 1498 661 1548 ἕψει-ε

250 1585 282 1629 F
305 1583 346 1630 A
373 1585 406 1631 Β
439 1586 484 1632 U
511 1587 548 1632 L
574 1585 613 1630 A
680 1586 728 1632 X
754 1589 772 1633 Ι
797 1589 854 1634 V.

341 1681 496 1725 Mulus
519 1679 561 1726 Θ
579 1681 752 1726 Porcus.

186 1512 212 1538 ¹ss
894 1514 921 1541 δ’

57 1748 169 1825 M
182 1801 207 1825 A
219 1801 241 1826 c
255 1802 276 1825 Ε
289 1802 313 1826 R
332 1793 365 1826 δε
381 1793 522 1828 onustus
539 1794 671 1829 sarcina
688 1795 837 1829 nimium
852 1796 971 1842 gravi,

58 1841 171 1874 Tarde
187 1843 387 1875 ambulabat
401 1868 410 1883 ‚
425 1843 458 1875 &
475 1843 570 1876 suam
585 1843 706 1877 crebri>
723 1855 864 1889 gemens

59 1887 184 1924 Vicem
204 1890 344 1925 dolebat
359 1891 480 1924 Mulus
495 1903 503 1925 :
520 1891 613 1926 hunc
629 1892 758 1926 Porcus
769 1917 778 1933 ‚
795 1893 854 1926 sua

775 1941 791 1973 1
814 1940 853 1975 iv
