1268 2361
39 83 52 143 [ἴ
183 83 397 128 Lzssm
447 91 879 127 UNDECJMUS.
952 93 1046 139 247

28 161 50 202 ἱ
53 164 211 199 statuere
220 165 302 199 dum
311 173 446 208 optant,
456 165 565 196 multa
574 174 659 196 mox
664 172 740 203 ent,
753 162 966 206 nilpromov
969 170 1042 196 ent.

30 215 40 230 ³
44 211 203 247 Tantum
220 223 434 258 queruntur,
449 214 559 266 deque
575 211 800 244 contumeliis

29 253 37 269 ’
46 261 273 303 Hominum,
288 261 469 305 variisque
486 260 623 301 injuriis
637 259 871 303 expostulant.

28 310 132 358 ¹Una
147 321 290 344 tamen:
308 310 385 350 Isti,
405 310 532 349 credo,
551 319 616 342 nos
632 318 814 352 reputant,
829 308 876 341 ait
886 332 899 348 ‚

28 341 223 396 ssfPulchelli
240 358 390 392 homulli
406 358 524 391 sensus
541 357 658 390 omnis
676 357 830 402 indigas·
824 379 833 394 ‚

15 402 278 452 WPeponemxe
295 407 397 440 nobis
415 406 481 440 effe
498 417 563 450 pro
581 406 684 439 corde
702 414 905 438 autumant:

14 426 40 490 v‘J
51 455 166 490 Tanto
177 483 186 498 ‚
203 466 274 489 tam
290 456 414 499 iniquo
432 467 497 488 nos
514 456 640 488 habent
655 454 875 497 contemptui
892 457 901 487 l

51 504 193 538 Atenim
210 504 293 549 quid
307 504 392 548 ipsis
409 505 568 537 omnium
585 503 714 536 insevit
730 513 855 546 parens

14 550 17 554 ’
34 558 37 563 ’
51 552 182 587 Natura
193 580 202 595 ,
219 564 290 597 quo
308 564 381 585 non
398 555 543 597 gaudeat
559 551 711 585 nostrum
730 561 839 595 genus
853 552 868 585 ἓ

35 607 40 629 ’.
51 601 176 645 Specie
191 627 200 641 ,
217 604 344 634 decore
359 627 367 642 ‚
385 602 552 646 dignitate
569 600 728 645 corporis
740 625 749 641 ‚

36 647 98 682 'Ni
114 649 239 683 misere
255 650 376 690 fallor,
393 650 577 683 inferiores
593 650 683 681 haud
699 649 815 682 sumus
831 660 842 681 z

33 692 144 742 ''Bene
161 698 221 743 qui
234 709 299 731 nos
316 697 404 732 vero
421 698 582 737 noverit,
599 697 741 730 solertia

50 745 286 791 Industriaque
303 746 499 790 superiores
516 747 593 790 quis
610 755 713 790 neget
727 747 744 780 ἒ

51 794 118 828 Sed
131 806 196 829 nos
213 806 330 829 tamen
348 794 497 828 scelestis
512 795 646 827 interea
661 793 752 827 dolis

50 842 219 887 Superare
235 843 364 877 norunt
380 856 387 877 :
407 853 523 888 captas
537 844 712 876 abducunt
731 843 894 883 domum,

32 915 33 918 η
50 890 288 937 venduntque
301 891 426 925 scurris
438 918 446 932 ‚
462 891 523 935 qui
537 902 602 925 nos
614 917 624 932 ‚
637 901 676 924 ut
691 891 818 924 faciant
833 893 970 924 lucrum
981 915 992 932 ‚

49 939 124 973 Uni
139 940 269 974 studere
286 950 417 986 cogunt
432 940 622 987 hisp'rioniae
637 965 646 980 ,

50 987 143 1022 Hinc
159 991 397 1033 producendas
415 990 456 1022 ad
470 988 591 1031 jocum
606 989 641 1022 &
655 987 858 1023 ludibrium.

50 1036 146 1079 Quid
159 1038 293 1082 agimus
309 1048 425 1071 autem
444 1040 456 1072 ?
474 1037 598 1071 talibus
615 1048 675 1071 cur
690 1037 842 1082 denique

50 1085 126 1119 Nos
141 1086 318 1120 vindicare
335 1086 484 1119 miseriis
501 1097 575 1119 non
591 1086 779 1131 quaerimus
797 1087 811 1119 ἓ

49 1133 172 1168 Vitam
189 1144 229 1168 ut
245 1135 415 1179 agitamus
433 1134 532 1168 omni
548 1136 664 1180 legum
681 1135 831 1167 vinculo

49 1182 207 1216 solutam
219 1209 228 1223 ,
245 1183 397 1216 inermes
408 1209 417 1224 ,
436 1184 489 1223 ἃ,
504 1183 613 1216 libido
630 1182 698 1227 qua
713 1182 829 1224 jubet,

48 1230 226 1277 Vagantes
237 1256 245 1271 ‚
260 1231 362 1265 facile
377 1232 434 1264 vis
452 1232 487 1264 &
502 1231 659 1275 nequitia
675 1230 898 1275 opprimunt.

48 1278 224 1314 Profuerix
239 1291 322 1325 ergo
334 1306 343 1321 ,
361 1279 557 1313 constitutis
574 1279 707 1325 legibus
719 1305 734 1320 ‚.

49 1328 187 1363 Omnes
204 1329 241 1361 in
256 1339 365 1361 unum
381 1329 448 1362 rite
464 1329 631 1373 compelli
647 1338 787 1374 gregem
801 1351 811 1369 ,

32 1385 33 1389 ’
48 1376 247 1422 Variasque
264 1387 388 1410 contra
404 1377 633 1411 excursiones
649 1377 799 1410 hostium
812 1401 820 1417 ,

49 1425 307 1460 circumdatam
324 1426 403 1459 altis
419 1426 597 1459 moenibus
611 1427 733 1459 urbem
748 1425 910 1460 condere.

46 1487 47 1490 ¹
98 1474 253 1518 Excepta
268 1475 405 1519 magnis
422 1474 600 1518 plausibus
617 1474 665 1507 est
679 1475 795 1508 oratio
814 1487 822 1508 :

49 1521 208 1563 Pulchre,
218 1523 318 1563 bene,
327 1523 432 1564 reste,
442 1525 593 1556 clamant
604 1535 613 1560 ·‚
624 1522 786 1567 quodque
797 1522 957 1566 probant,
966 1522 1093 1558 volunt

48 1571 89 1605 Id
103 1571 267 1615 exsequi,
281 1569 476 1616 statimque.
495 1573 619 1605 Sedem
635 1573 858 1605 commodam

48 1619 189 1653 Fertilis
205 1620 246 1652 ad
262 1619 371 1653 imum
388 1620 488 1654 collis
502 1621 635 1665 eligunt
650 1622 739 1654 latus
751 1646 761 1661 ,
797 1649 801 1651 .

51 1666 218 1702 Perennis
237 1669 326 1701 unde
341 1669 449 1702 fontis
466 1679 605 1702 emanat
618 1669 749 1712 liquor.

49 1715 198 1760 Jamque
215 1718 449 1759 properabant
465 1718 544 1750 saxa
558 1743 568 1758 ‚
583 1717 676 1762 ligna
692 1717 870 1751 moenibus

50 1764 142 1806 Apta
157 1764 369 1798 exstruendis
387 1777 551 1809 quaerere.
569 1765 615 1798 At
633 1767 826 1809 Vulpecula
840 1791 850 1807 ,

28 1828 31 1831 ·
52 1811 212 1846 Consilia
228 1823 347 1845 earum
363 1813 462 1846 stulta
476 1825 551 1858 quae
568 1823 784 1858 cognoverat
799 1839 808 1854 ‚

51 1858 229 1906 Increpuit
243 1873 252 1900 ς
270 1860 324 1903 δι,
342 1862 420 1896 Vos
437 1873 596 1908 quaenam
609 1887 621 1905 ,
634 1862 681 1896 ait
691 1888 700 1904 ,
713 1861 926 1896 miserabilis·

753 1911 781 1944 L
806 1910 844 1945 iv
