1225 2367
514 46 535 56 κ

172 121 263 175 382
346 121 496 166 ΓΑΒ.
529 119 1005 164 AESOPIARUM

167 173 183 180 ο

182 217 438 241 eam—,⁴—
442 199 1153 246 Σ--Ξᾶβῇἕ--ε-Ξὲι

311 287 472 332 FAB
508 286 552 331 U
587 285 693 330 LA
759 283 1006 332 XXXI.

416 382 580 426 Cornix
607 383 645 425 θ’
673 381 897 428 Columbae.

160 457 255 531 PE
267 507 292 531 N
305 506 331 531 U
344 506 368 529 R
381 506 396 530 1
408 505 435 529 Α
450 495 566 529 νὶᾶίις
585 494 779 529 Cornicum
795 496 939 541 urgebat
951 507 1092 542 gregem
1106 509 1118 532 ι

157 548 316 589 Quarum
335 557 403 579 una
414 571 423 586 ,
440 545 663 578 sollicitantis
679 544 866 588 impatiens
883 546 972 590 gulae
987 571 998 587 ,

157 596 248 629 cnm
265 596 377 628 nollet
393 594 483 627 ultra
497 605 577 627 cum
591 594 770 627 sororibus
786 593 856 626 suis

155 645 247 677 Tam
265 644 446 677 difficulter
463 642 627 676 sustinere
645 642 826 686 spirirum,
1101 679 1107 683 .

155 694 336 737 Sciretque
353 692 517 736 proxima
534 692 570 723 in
588 691 840 723 columbarum
857 691 966 725 domo
1218 689 1225 726 ι’

156 742 329 775 Ciborum
343 740 449 773 ineffe
463 739 605 783 copiam
617 764 626 780 ,
643 739 725 772 illuc
741 740 900 780 devolat,

153 791 325 834 Subitque
341 815 349 829 ‚
370 788 511 821 nostem
527 789 610 820 dum
628 787 870 830 crepusculum
887 787 1005 822 trahit.

154 839 290 872 'Vident
309 838 489 870 Columbae
505 862 514 876 ,
532 847 595 869 nec
612 836 756 880 abigunt
772 848 779 869 :
797 846 868 869 tam
884 835 1020 871 strenue

154 886 390 921 Tuburcinari
406 886 620 918 demirantur
636 885 724 918 hanc
741 884 882 928 quidem
900 897 910 923 ·‚

154 937 222 969 Sed
238 936 392 979 aliquam
409 935 552 967 credunt
568 935 609 966 de
626 933 688 966 suo
704 944 832 978 genere
848 933 1023 977 hospitam
1037 959 1048 976 ,

154 985 353 1028 Sinuntque
369 1009 378 1024 ‚
393 984 614 1028 gaudentque
631 981 705 1023 ejus
722 982 858 1025 expleri
874 982 1016 1018 famem.

154 1033 342 1078 Postquam
356 1032 416 1065 illa
433 1031 539 1065 sensit
556 1031 705 1075 gutturis
721 1030 816 1063 avidi
830 1031 947 1063 sinum

157 1082 287 1116 Granis
305 1081 471 1114 refertum
485 1106 494 1120 ,
515 1080 641 1112 somno
657 1080 798 1112 tandem
814 1079 848 1112 se
862 1079 969 1115 dedit.

155 1130 342 1171 Postridie,
359 1140 458 1162 ortus
474 1129 552 1162 curn
569 1127 638 1169 iam
654 1128 706 1161 sol
719 1127 926 1169 nitesceret,

155 1180 329 1224 Evigilat,
345 1178 408 1211 alis
424 1177 578 1222 plaudit,
597 1177 632 1209 ὅ(
646 1176 892 1220 corpusculum

155 1229 313 1262 Perhell'e
331 1237 555 1272 procuratum
569 1227 742 1280 gratulans
756 1224 822 1258 sibi
833 1251 842 1266 ‚

157 1277 322 1317 Garrire,
339 1275 511 1308 cornicari
527 1273 689 1328 protinus
705 1273 855 1318 incipit:

156 1328 203 1359 At
219 1326 324 1359 simul
340 1326 381 1357 ad
396 1324 477 1357 istos
490 1322 592 1356 vocis
609 1322 740 1367 ignotae
754 1323 861 1355 sonos

155 1376 320 1418 Undique
340 1373 520 1406 Columba:
534 1371 663 1416 pariter
676 1382 800 1404 omnes
815 1371 982 1404 advolant
995 1396 1005 1412 ,

154 1423 465 1477 Improvidamque
480 1421 644 1465 cingunt,
659 1420 848 1463 fraudeque
867 1420 1029 1465 cognita,

154 1472 267 1505 Rostr
260 1483 288 1504 15
305 1470 500 1504 minacibus
519 1469 678 1513 abigunt,
697 1469 832 1511 pellunt
847 1468 953 1501 foras.

154 1520 253 1553 Male
270 1520 387 1552 habita
403 1518 540 1551 Cornix
552 1516 731 1561 propriam
748 1518 788 1549 ad
801 1527 940 1570 gentem
953 1514 1062 1550 redit:

154 1570 222 1602 Sed
238 1579 302 1601 nec
316 1569 363 1600 ibi
380 1568 522 1621 degere,
535 1576 573 1598 ut
589 1576 705 1603 antea,
724 1564 964 1608 permittitur·
957 1587 968 1602 ,

155 1617 212 1651 Sic
228 1627 313 1660 ergo
328 1615 493 1659 utrinque
510 1614 544 1646 se
560 1613 839 1647 exclusissimam
855 1613 965 1647 videt.

205 1667 404 1708 Numquam
421 1664 578 1706 relinque
590 1689 599 1703 ‚
615 1663 680 1695 rite
695 1663 789 1705 quod
805 1660 993 1705 susceperis
1004 1685 1016 1701 ,

155 1713 315 1750 Vivendi
327 1711 510 1747 honestum
521 1738 530 1753 ,
545 1711 590 1744 sit
605 1710 688 1745 licet
705 1710 870 1744 miserum
881 1735 891 1752 ,
905 1719 1028 1756 genuS.

624 1823 679 1851 W

639 1852 667 1874 ab
