1268 2361
182 113 421 161 LIBER
478 123 884 159 SEPTIMUS.
961 127 1047 175 149

52 196 129 239 Usu
144 197 278 242 peritus
295 196 424 241 aliquis
439 210 447 230 z
467 196 681 239 Quomodo,
699 195 747 228 ait
764 222 772 236 ‚
790 194 896 229 fidem

52 242 137 280 Tibi
152 247 288 290 possim
304 247 428 279 habere
439 271 447 286 ‚
468 245 546 279 cfun
563 245 635 288 ipse
656 255 729 278 non
746 243 950 288 praevideris

56 295 134 328 Tua
148 295 219 328 fata
229 320 239 336 ,
254 305 359 339 teque
372 292 469 328 certo
484 294 677 338 periturum
694 294 784 327 fame
796 319 805 334 ‚

55 343 177 377 Artem
191 344 228 376 ni
242 342 385 385 abjicias
401 344 490 376 hanc
506 341 615 376 modo
631 353 727 375 tuam
742 341 880 375 futilem
891 368 902 384 ,

55 391 241 436 Aliamque
257 392 364 426 discas
380 418 389 432 ‚
406 391 474 436 qu&
490 391 555 424 tibi
570 390 705 424 vietum
721 402 822 434 pares
840 392 853 425 ?

100 440 197 475 Mal'e
214 441 385 485 praevidet
401 440 460 473 ille
473 440 561 485 ,qui
575 439 643 473 sibi
656 451 730 473 non
745 439 924 483 providet.

176 517 659 566 &Effe-“-
602 547 659 552 —
680 548 741 552 ω-
744 531 920 556 w-u-

226 606 258 650 F
288 605 330 650 A
366 605 399 649 B
435 604 480 650 U
515 604 551 648 L
580 603 621 648 A
704 602 752 649 X
786 604 805 649 I
839 604 876 649 I.-

358 700 509 758 Opilio
541 695 583 743 δ’
613 699 743 744 Oves.

50 771 143 853 a&
153 825 181 849 D
193 824 216 850 Ε
229 824 254 849 o
266 825 292 848 N
304 824 327 848 E
346 813 452 848 vobis
465 823 577 847 caecus
592 812 707 847 illudit
721 824 790 857 pav
793 824 857 855 or,

51 866 121 907 Ut,
138 876 218 900 cum
234 863 362 898 coafiae
380 863 457 897 sitis
473 863 511 896 in
526 872 662 896 tantum
678 874 839 909 gregem,

50 914 172 955 Unus,
187 924 252 947 nec
266 913 338 958 ipse
355 913 450 945 mole
467 910 580 954 major
597 911 778 956 corporis,

51 962 133 997 Vos
149 972 294 1004 terreat,
309 962 346 995 in
364 961 550 1006 fugamque
568 970 753 994 convertat
767 961 911 1005 Lupus,-

49 1012 280 1056 Demumque
296 1011 447 1055 praedam
463 1008 566 1043 facile
583 1010 632 1043 sic
647 1011 749 1043 tollat
763 1010 859 1043 suam
876 1012 884 1045 !

50 1061 98 1093 At
112 1060 141 1094 si
158 1061 345 1093 Latronem
360 1058 520 1092 occidere
531 1085 539 1099 ‚
556 1070 595 1091 ac
612 1059 806 1102 discerpere

51 1108 167 1143 Nimis
183 1108 333 1153 benigna
348 1107 460 1141 vestra
477 1118 549 1140 non
563 1108 629 1140 fert
645 1107 780 1141 indoles
792 1133 802 1149 ‚

51 1157 231 1192 Obsistere
246 1157 367 1190 saltem
384 1158 506 1189 audete
518 1182 527 1197 ‚
545 1167 587 1189 ne
604 1156 687 1200 quid
703 1157 839 1190 audeat.

101 1206 315 1240 Orationem
330 1206 420 1238 hanc
434 1204 617 1248 Opilionis
634 1205 849 1248 approbant3

51 1254 302 1298 Deincepsque
318 1254 393 1287 vim
410 1254 443 1286 se
460 1253 499 1285 vi
513 1253 707 1296 repulsuras
722 1253 797 1286 fore

52 1304 236 1346 Spondent
251 1302 426 1335 Bidentes.
443 1301 598 1335 Credidit
614 1301 739 1346 Opilio
753 1302 867 1335 bonus
878 1311 895 1337 ι’

50 1353 94 1385 Et
111 1363 182 1396 quo
200 1350 330 1396 quietis
346 1349 458 1394 poffet
475 1350 588 1394 aliqua
603 1361 680 1394 pars
696 1350 794 1394 capi,

51 1401 209 1445 Tempus
226 1400 292 1433 sibi
308 1398 374 1432 effe
388 1399 470 1432 satis
487 1398 653 1432 idoneum
669 1408 762 1432 ratus
777 1424 788 1441 ,

51 1449 205 1483 Secessit
217 1474 226 1490 ,
240 1448 273 1481 δε
294 1448 437 1492 supinus
453 1447 579 1480 somno
595 1448 629 1480 se
646 1448 751 1482 dedit.

49 1498 98 1532 At
113 1508 200 1530 mox
214 1523 222 1537 ,
241 1496 409 1542 gregatim
423 1496 527 1530 celeri
543 1497 628 1540 pede
645 1495 854 1542 fugientium
871 1520 881 1538 ,

50 1546 191 1584 Multus
206 1546 392 1580 Bidentum
405 1545 565 1590 strepitus
581 1544 694 1589 ipsum
708 1545 861 1578 suscitat.

50 1595 156 1639 Fugae
173 1595 231 1628 ille
249 1595 383 1627 causam
400 1594 524 1639 quaerit
537 1619 546 1635 ‚
564 1595 597 1627 ὃ(
613 1595 745 1627 nullam
762 1592 901 1627 invenit
914 1618 926 1635 ,

49 1642 225 1678 Perflante
241 1642 308 1676 nisi
327 1642 423 1687 quod
436 1652 546 1676 vento
564 1643 738 1676 inhorruit
752 1643 870 1676 rubus.

96 1692 255 1739 Augetur
269 1691 347 1736 ipso
363 1691 557 1726 imbellium
575 1702 721 1726 numero
734 1702 862 1737 pavor.

746 1959 780 1996 G
805 1958 843 2004 iij
