<?xml version="1.0" encoding="UTF-8"?>
<!DOCTYPE html PUBLIC "-//W3C//DTD XHTML 1.0 Transitional//EN"
    "http://www.w3.org/TR/xhtml1/DTD/xhtml1-transitional.dtd">
<html xmlns="http://www.w3.org/1999/xhtml" xml:lang="en" lang="en">
 <head>
  <title>
</title>
<meta http-equiv="Content-Type" content="text/html;charset=utf-8" />
  <meta name='ocr-system' content='tesseract 3.04.00' />
  <meta name='ocr-capabilities' content='ocr_page ocr_carea ocr_par ocr_line ocrx_word'/>
</head>
<body>
  <div class='ocr_page' id='page_1' title='image "./fabulaeaesopiaec00desbuoft_0418.png"; bbox 0 0 1225 2367; ppageno 0'>
   <div class='ocr_carea' id='block_1_1' title="bbox 136 133 956 196">
    <p class='ocr_par' dir='ltr' id='par_1_1' title="bbox 136 133 956 196">
     <span class='ocr_line' id='line_1_1' title="bbox 136 133 956 196; baseline 0.002 -18"><span class='ocrx_word' id='word_1_1' title='bbox 136 148 228 196; x_wconf 86' lang='lat'>374</span> <span class='ocrx_word' id='word_1_2' title='bbox 293 135 452 180; x_wconf 73' lang='grc' dir='ltr'><em>ΕΑΒ.</em></span> <span class='ocrx_word' id='word_1_3' title='bbox 485 133 956 180; x_wconf 74' lang='lat' dir='ltr'><em>AESOPIARUM</em></span> 
     </span>
    </p>
   </div>
   <div class='ocr_carea' id='block_1_2' title="bbox 129 215 1077 1139">
    <p class='ocr_par' dir='ltr' id='par_1_2' title="bbox 129 215 1077 1043">
     <span class='ocr_line' id='line_1_2' title="bbox 132 215 998 261; baseline 0.002 -13"><span class='ocrx_word' id='word_1_4' title='bbox 132 216 251 261; x_wconf 81' lang='lat' dir='ltr'>Apage</span> <span class='ocrx_word' id='word_1_5' title='bbox 267 226 337 248; x_wconf 86' lang='lat' dir='ltr'>tam</span> <span class='ocrx_word' id='word_1_6' title='bbox 354 215 516 249; x_wconf 85' lang='lat' dir='ltr'>insuaves</span> <span class='ocrx_word' id='word_1_7' title='bbox 532 241 542 256; x_wconf 94' lang='lat'><strong>‚</strong></span> <span class='ocrx_word' id='word_1_8' title='bbox 557 226 664 260; x_wconf 80' lang='lat' dir='ltr'>apage</span> <span class='ocrx_word' id='word_1_9' title='bbox 681 225 752 249; x_wconf 87' lang='lat' dir='ltr'>tam</span> <span class='ocrx_word' id='word_1_10' title='bbox 768 216 860 250; x_wconf 81' lang='lat' dir='ltr'>viles</span> <span class='ocrx_word' id='word_1_11' title='bbox 875 216 998 259; x_wconf 60' lang='lat' dir='ltr'>cibos,¹</span> 
     </span>
     <span class='ocr_line' id='line_1_3' title="bbox 132 264 861 310; baseline 0.001 -13"><span class='ocrx_word' id='word_1_12' title='bbox 132 264 287 298; x_wconf 79' lang='lat' dir='ltr'>Tantum</span> <span class='ocrx_word' id='word_1_13' title='bbox 303 265 420 310; x_wconf 85' lang='lat' dir='ltr'>gulosi</span> <span class='ocrx_word' id='word_1_14' title='bbox 436 265 561 309; x_wconf 86' lang='lat' dir='ltr'>dignos</span> <span class='ocrx_word' id='word_1_15' title='bbox 579 264 776 309; x_wconf 84' lang='lat' dir='ltr'>ingluviem</span> <span class='ocrx_word' id='word_1_16' title='bbox 790 265 861 299; x_wconf 89' lang='lat' dir='ltr'>suis</span> 
     </span>
     <span class='ocr_line' id='line_1_4' title="bbox 132 313 882 357; baseline 0.001 -11"><span class='ocrx_word' id='word_1_17' title='bbox 132 313 294 357; x_wconf 88' lang='lat' dir='ltr'>Replere.</span> <span class='ocrx_word' id='word_1_18' title='bbox 313 313 417 347; x_wconf 79' lang='lat' dir='ltr'>Dixit</span> <span class='ocrx_word' id='word_1_19' title='bbox 432 326 444 352; x_wconf 86' lang='lat'>·‚</span> <span class='ocrx_word' id='word_1_20' title='bbox 460 314 494 347; x_wconf 90' lang='lat'>&amp;</span> <span class='ocrx_word' id='word_1_21' title='bbox 509 314 736 347; x_wconf 78' lang='lat' dir='ltr'>volutabrum</span> <span class='ocrx_word' id='word_1_22' title='bbox 757 314 882 347; x_wconf 85' lang='lat' dir='ltr'>videns</span> 
     </span>
     <span class='ocr_line' id='line_1_5' title="bbox 131 361 962 407; baseline 0.001 -11"><span class='ocrx_word' id='word_1_23' title='bbox 131 361 238 396; x_wconf 84' lang='lat' dir='ltr'>Juxta</span> <span class='ocrx_word' id='word_1_24' title='bbox 252 362 348 396; x_wconf 87' lang='lat' dir='ltr'>viam</span> <span class='ocrx_word' id='word_1_25' title='bbox 359 388 368 402; x_wconf 89' lang='lat'>‚</span> <span class='ocrx_word' id='word_1_26' title='bbox 385 363 444 395; x_wconf 90' lang='lat' dir='ltr'>sua</span> <span class='ocrx_word' id='word_1_27' title='bbox 460 373 566 406; x_wconf 82' lang='lat' dir='ltr'>poma</span> <span class='ocrx_word' id='word_1_28' title='bbox 582 364 651 396; x_wconf 84' lang='lat' dir='ltr'>huc</span> <span class='ocrx_word' id='word_1_29' title='bbox 666 362 786 395; x_wconf 88' lang='lat' dir='ltr'>omnia</span> <span class='ocrx_word' id='word_1_30' title='bbox 799 361 962 407; x_wconf 77' lang='lat' dir='ltr'>projicit:</span> 
     </span>
     <span class='ocr_line' id='line_1_6' title="bbox 131 410 1050 457; baseline 0.002 -14"><span class='ocrx_word' id='word_1_31' title='bbox 131 411 229 444; x_wconf 90' lang='lat' dir='ltr'>Dein</span> <span class='ocrx_word' id='word_1_32' title='bbox 245 411 352 444; x_wconf 84' lang='lat' dir='ltr'>alacri</span> <span class='ocrx_word' id='word_1_33' title='bbox 367 421 533 455; x_wconf 81' lang='lat' dir='ltr'>properat</span> <span class='ocrx_word' id='word_1_34' title='bbox 549 413 592 445; x_wconf 85' lang='lat' dir='ltr'>ad</span> <span class='ocrx_word' id='word_1_35' title='bbox 608 411 739 457; x_wconf 88' lang='lat' dir='ltr'>Pyrum</span> <span class='ocrx_word' id='word_1_36' title='bbox 755 421 913 456; x_wconf 85' lang='lat' dir='ltr'>optatam</span> <span class='ocrx_word' id='word_1_37' title='bbox 926 410 1050 457; x_wconf 56' lang='lat' dir='ltr'>gradu4</span> 
     </span>
     <span class='ocr_line' id='line_1_7' title="bbox 131 459 890 505; baseline 0.001 -13"><span class='ocrx_word' id='word_1_38' title='bbox 131 459 180 492; x_wconf 87' lang='lat' dir='ltr'>At</span> <span class='ocrx_word' id='word_1_39' title='bbox 197 460 276 493; x_wconf 77' lang='lat' dir='ltr'>cum</span> <span class='ocrx_word' id='word_1_40' title='bbox 293 460 507 505; x_wconf 83' lang='lat' dir='ltr'>propinquat</span> <span class='ocrx_word' id='word_1_41' title='bbox 518 487 528 502; x_wconf 88' lang='lat'>,</span> <span class='ocrx_word' id='word_1_42' title='bbox 545 461 579 494; x_wconf 90' lang='lat'>&amp;</span> <span class='ocrx_word' id='word_1_43' title='bbox 595 472 719 494; x_wconf 75' lang='lat' dir='ltr'>venire</span> <span class='ocrx_word' id='word_1_44' title='bbox 735 459 805 502; x_wconf 79' lang='lat' dir='ltr'>jam</span> <span class='ocrx_word' id='word_1_45' title='bbox 821 460 890 494; x_wconf 84' lang='lat' dir='ltr'>sibi</span> 
     </span>
     <span class='ocr_line' id='line_1_8' title="bbox 132 508 891 553; baseline 0.001 -12"><span class='ocrx_word' id='word_1_46' title='bbox 132 508 290 542; x_wconf 78' lang='lat' dir='ltr'>Salivam</span> <span class='ocrx_word' id='word_1_47' title='bbox 307 509 346 542; x_wconf 87' lang='lat' dir='ltr'>ab</span> <span class='ocrx_word' id='word_1_48' title='bbox 363 509 436 553; x_wconf 86' lang='lat' dir='ltr'>ipsa</span> <span class='ocrx_word' id='word_1_49' title='bbox 449 510 563 553; x_wconf 76' lang='lat' dir='ltr'>specie</span> <span class='ocrx_word' id='word_1_50' title='bbox 579 511 704 543; x_wconf 84' lang='lat' dir='ltr'>blanda</span> <span class='ocrx_word' id='word_1_51' title='bbox 717 509 891 542; x_wconf 57' lang='lat' dir='ltr'>fruetuum</span> 
     </span>
     <span class='ocr_line' id='line_1_9' title="bbox 131 554 1077 602; baseline 0.002 -12"><span class='ocrx_word' id='word_1_52' title='bbox 131 556 332 598; x_wconf 70' lang='lat' dir='ltr'>Praesentit‚</span> <span class='ocrx_word' id='word_1_53' title='bbox 350 558 493 592; x_wconf 87' lang='lat' dir='ltr'>obviam</span> <span class='ocrx_word' id='word_1_54' title='bbox 509 585 519 599; x_wconf 83' lang='lat'>,</span> <span class='ocrx_word' id='word_1_55' title='bbox 534 559 605 592; x_wconf 90' lang='lat' dir='ltr'>heu</span> <span class='ocrx_word' id='word_1_56' title='bbox 622 562 629 593; x_wconf 91' lang='lat'><strong>!</strong></span> <span class='ocrx_word' id='word_1_57' title='bbox 649 557 765 592; x_wconf 63' lang='lat' dir='ltr'>subit-cl»</span> <span class='ocrx_word' id='word_1_58' title='bbox 781 558 914 592; x_wconf 79' lang='lat' dir='ltr'>fossam</span> <span class='ocrx_word' id='word_1_59' title='bbox 930 554 1077 602; x_wconf 75' lang='lat' dir='ltr'>adspicit</span> 
     </span>
     <span class='ocr_line' id='line_1_10' title="bbox 131 606 920 652; baseline 0.001 -13"><span class='ocrx_word' id='word_1_60' title='bbox 131 606 175 639; x_wconf 87' lang='lat' dir='ltr'>Et</span> <span class='ocrx_word' id='word_1_61' title='bbox 190 608 298 640; x_wconf 86' lang='lat' dir='ltr'>latam</span> <span class='ocrx_word' id='word_1_62' title='bbox 315 608 349 640; x_wconf 73' lang='grc' dir='ltr'>ὅ(</span> <span class='ocrx_word' id='word_1_63' title='bbox 369 609 474 641; x_wconf 73' lang='lat' dir='ltr'>altam</span> <span class='ocrx_word' id='word_1_64' title='bbox 487 634 499 647; x_wconf 77' lang='grc'>,</span> <span class='ocrx_word' id='word_1_65' title='bbox 510 607 596 641; x_wconf 88' lang='lat' dir='ltr'>rivis</span> <span class='ocrx_word' id='word_1_66' title='bbox 615 619 691 652; x_wconf 82' lang='lat' dir='ltr'>quae</span> <span class='ocrx_word' id='word_1_67' title='bbox 708 607 920 651; x_wconf 76' lang='lat' dir='ltr'>perennibus</span> 
     </span>
     <span class='ocr_line' id='line_1_11' title="bbox 130 655 923 701; baseline 0.001 -13"><span class='ocrx_word' id='word_1_68' title='bbox 130 655 287 688; x_wconf 84' lang='lat' dir='ltr'>Hortum</span> <span class='ocrx_word' id='word_1_69' title='bbox 304 655 462 700; x_wconf 82' lang='lat' dir='ltr'>irrigaret</span> <span class='ocrx_word' id='word_1_70' title='bbox 472 683 481 698; x_wconf 93' lang='lat'><strong>‚</strong></span> <span class='ocrx_word' id='word_1_71' title='bbox 494 657 696 701; x_wconf 76' lang='lat' dir='ltr'>furibusque</span> <span class='ocrx_word' id='word_1_72' title='bbox 711 657 923 690; x_wconf 88' lang='lat' dir='ltr'>occluderet.</span> 
     </span>
     <span class='ocr_line' id='line_1_12' title="bbox 131 704 878 749; baseline 0.003 -13"><span class='ocrx_word' id='word_1_73' title='bbox 131 704 315 737; x_wconf 85' lang='lat' dir='ltr'>Attonitus</span> <span class='ocrx_word' id='word_1_74' title='bbox 332 706 457 746; x_wconf 81' lang='lat' dir='ltr'>haeret,</span> <span class='ocrx_word' id='word_1_75' title='bbox 473 717 512 738; x_wconf 87' lang='lat' dir='ltr'>ac</span> <span class='ocrx_word' id='word_1_76' title='bbox 525 705 637 749; x_wconf 84' lang='lat' dir='ltr'>stupet</span> <span class='ocrx_word' id='word_1_77' title='bbox 652 705 855 749; x_wconf 75' lang='lat' dir='ltr'>aliquandiu</span> <span class='ocrx_word' id='word_1_78' title='bbox 868 730 878 745; x_wconf 87' lang='lat'>,</span> 
     </span>
     <span class='ocr_line' id='line_1_13' title="bbox 131 752 982 797; baseline 0.001 -12"><span class='ocrx_word' id='word_1_79' title='bbox 131 752 349 797; x_wconf 81' lang='lat' dir='ltr'>Moeretque.</span> <span class='ocrx_word' id='word_1_80' title='bbox 366 754 533 787; x_wconf 85' lang='lat' dir='ltr'>Crescunt</span> <span class='ocrx_word' id='word_1_81' title='bbox 547 754 689 787; x_wconf 84' lang='lat' dir='ltr'>interim</span> <span class='ocrx_word' id='word_1_82' title='bbox 707 753 783 787; x_wconf 84' lang='lat' dir='ltr'>sitis</span> <span class='ocrx_word' id='word_1_83' title='bbox 802 754 836 787; x_wconf 70' lang='grc' dir='ltr'>ὃ(</span> <span class='ocrx_word' id='word_1_84' title='bbox 851 754 982 788; x_wconf 86' lang='lat' dir='ltr'>fames:</span> 
     </span>
     <span class='ocr_line' id='line_1_14' title="bbox 131 800 1013 847; baseline 0.003 -14"><span class='ocrx_word' id='word_1_85' title='bbox 131 800 230 843; x_wconf 84' lang='lat' dir='ltr'>Quas</span> <span class='ocrx_word' id='word_1_86' title='bbox 247 812 285 834; x_wconf 91' lang='lat' dir='ltr'>ut</span> <span class='ocrx_word' id='word_1_87' title='bbox 296 827 304 842; x_wconf 94' lang='lat'>‚</span> <span class='ocrx_word' id='word_1_88' title='bbox 323 813 395 846; x_wconf 87' lang='lat' dir='ltr'>quo</span> <span class='ocrx_word' id='word_1_89' title='bbox 412 803 552 835; x_wconf 87' lang='lat' dir='ltr'>tandem</span> <span class='ocrx_word' id='word_1_90' title='bbox 570 803 635 836; x_wconf 77' lang='lat' dir='ltr'>sibi</span> <span class='ocrx_word' id='word_1_91' title='bbox 648 803 733 836; x_wconf 91' lang='lat' dir='ltr'>licet</span> <span class='ocrx_word' id='word_1_92' title='bbox 748 828 758 843; x_wconf 91' lang='lat'>‚</span> <span class='ocrx_word' id='word_1_93' title='bbox 773 803 888 847; x_wconf 77' lang='lat' dir='ltr'>possit</span> <span class='ocrx_word' id='word_1_94' title='bbox 902 801 1013 836; x_wconf 87' lang='lat' dir='ltr'>modo</span> 
     </span>
     <span class='ocr_line' id='line_1_15' title="bbox 129 849 803 896; baseline 0.003 -14"><span class='ocrx_word' id='word_1_95' title='bbox 129 849 267 883; x_wconf 85' lang='lat' dir='ltr'>Levare</span> <span class='ocrx_word' id='word_1_96' title='bbox 283 876 292 890; x_wconf 83' lang='grc'>,</span> <span class='ocrx_word' id='word_1_97' title='bbox 308 852 432 896; x_wconf 86' lang='lat' dir='ltr'>relegit</span> <span class='ocrx_word' id='word_1_98' title='bbox 446 852 503 884; x_wconf 87' lang='lat' dir='ltr'>sua</span> <span class='ocrx_word' id='word_1_99' title='bbox 519 851 623 883; x_wconf 86' lang='lat' dir='ltr'>miser</span> <span class='ocrx_word' id='word_1_100' title='bbox 635 851 803 895; x_wconf 79' lang='lat' dir='ltr'>vestigia3</span> 
     </span>
     <span class='ocr_line' id='line_1_16' title="bbox 131 898 887 944; baseline 0.003 -13"><span class='ocrx_word' id='word_1_101' title='bbox 131 898 174 931; x_wconf 89' lang='lat' dir='ltr'>Et</span> <span class='ocrx_word' id='word_1_102' title='bbox 189 909 315 942; x_wconf 86' lang='lat' dir='ltr'>poma,</span> <span class='ocrx_word' id='word_1_103' title='bbox 333 911 409 944; x_wconf 66' lang='lat' dir='ltr'>quae</span> <span class='ocrx_word' id='word_1_104' title='bbox 424 901 620 944; x_wconf 64' lang='lat' dir='ltr'>respuerat,</span> <span class='ocrx_word' id='word_1_105' title='bbox 639 911 678 933; x_wconf 88' lang='lat' dir='ltr'>ac</span> <span class='ocrx_word' id='word_1_106' title='bbox 690 899 887 944; x_wconf 74' lang='lat' dir='ltr'>proiecerat</span> 
     </span>
     <span class='ocr_line' id='line_1_17' title="bbox 131 946 911 992; baseline 0.005 -13"><span class='ocrx_word' id='word_1_107' title='bbox 131 946 301 980; x_wconf 84' lang='lat' dir='ltr'>Voranda</span> <span class='ocrx_word' id='word_1_108' title='bbox 318 948 435 983; x_wconf 85' lang='lat' dir='ltr'>suibus</span> <span class='ocrx_word' id='word_1_109' title='bbox 447 975 456 990; x_wconf 93' lang='lat'><strong>‚</strong></span> <span class='ocrx_word' id='word_1_110' title='bbox 472 960 676 992; x_wconf 82' lang='lat' dir='ltr'>recuperare</span> <span class='ocrx_word' id='word_1_111' title='bbox 694 949 762 989; x_wconf 73' lang='lat' dir='ltr'>jam</span> <span class='ocrx_word' id='word_1_112' title='bbox 778 949 911 983; x_wconf 83' lang='lat' dir='ltr'>studet:</span> 
     </span>
     <span class='ocr_line' id='line_1_18' title="bbox 130 995 847 1043; baseline 0.004 -15"><span class='ocrx_word' id='word_1_113' title='bbox 130 995 342 1041; x_wconf 86' lang='lat' dir='ltr'>Recolligit‚</span> <span class='ocrx_word' id='word_1_114' title='bbox 356 999 503 1042; x_wconf 87' lang='lat' dir='ltr'>lutoque</span> <span class='ocrx_word' id='word_1_115' title='bbox 520 1008 664 1043; x_wconf 82' lang='lat' dir='ltr'>purgat,</span> <span class='ocrx_word' id='word_1_116' title='bbox 681 998 714 1031; x_wconf 69' lang='grc' dir='ltr'>ὅ(</span> <span class='ocrx_word' id='word_1_117' title='bbox 730 1007 847 1032; x_wconf 85' lang='lat' dir='ltr'>vorat.</span> 
     </span>
    </p>

    <p class='ocr_par' dir='ltr' id='par_1_3' title="bbox 132 1044 965 1139">
     <span class='ocr_line' id='line_1_19' title="bbox 183 1044 891 1090; baseline 0.004 -14"><span class='ocrx_word' id='word_1_118' title='bbox 183 1044 316 1089; x_wconf 87' lang='lat' dir='ltr'>Exigua</span> <span class='ocrx_word' id='word_1_119' title='bbox 327 1071 336 1086; x_wconf 90' lang='lat'>‚</span> <span class='ocrx_word' id='word_1_120' title='bbox 355 1045 454 1080; x_wconf 66' lang='lat' dir='ltr'>cert&amp;</span> <span class='ocrx_word' id='word_1_121' title='bbox 469 1058 546 1090; x_wconf 82' lang='lat' dir='ltr'>quae</span> <span class='ocrx_word' id='word_1_122' title='bbox 567 1057 664 1080; x_wconf 79' lang='lat' dir='ltr'>tenes</span> <span class='ocrx_word' id='word_1_123' title='bbox 676 1072 684 1087; x_wconf 89' lang='lat'>‚</span> <span class='ocrx_word' id='word_1_124' title='bbox 700 1046 891 1087; x_wconf 78' lang='lat' dir='ltr'>majoribus</span> 
     </span>
     <span class='ocr_line' id='line_1_20' title="bbox 132 1092 965 1139; baseline 0.006 -14"><span class='ocrx_word' id='word_1_125' title='bbox 132 1092 222 1135; x_wconf 81' lang='lat' dir='ltr'>Quae</span> <span class='ocrx_word' id='word_1_126' title='bbox 236 1103 367 1128; x_wconf 85' lang='lat' dir='ltr'>temere</span> <span class='ocrx_word' id='word_1_127' title='bbox 382 1096 498 1139; x_wconf 81' lang='lat' dir='ltr'>speras</span> <span class='ocrx_word' id='word_1_128' title='bbox 510 1121 520 1136; x_wconf 86' lang='lat'>‚</span> <span class='ocrx_word' id='word_1_129' title='bbox 536 1095 748 1139; x_wconf 71' lang='lat' dir='ltr'>praeferenda</span> <span class='ocrx_word' id='word_1_130' title='bbox 764 1095 842 1128; x_wconf 88' lang='lat' dir='ltr'>sunt</span> <span class='ocrx_word' id='word_1_131' title='bbox 857 1095 965 1130; x_wconf 86' lang='lat' dir='ltr'>bona.</span> 
     </span>
    </p>
   </div>
   <div class='ocr_carea' id='block_1_3' title="bbox 266 1184 992 1427">
    <p class='ocr_par' dir='ltr' id='par_1_4' title="bbox 266 1184 992 1427">
     <span class='ocr_line' id='line_1_21' title="bbox 266 1184 992 1232; baseline -0.001 -7"><span class='ocrx_word' id='word_1_132' title='bbox 266 1184 992 1232; x_wconf 45' lang='lat' dir='ltr'>ess—-e—:Yeffiss—o·</span> 
     </span>
     <span class='ocr_line' id='line_1_22' title="bbox 280 1270 979 1318; baseline 0 -2"><span class='ocrx_word' id='word_1_133' title='bbox 280 1272 312 1317; x_wconf 88' lang='lat' dir='ltr'>F</span> <span class='ocrx_word' id='word_1_134' title='bbox 340 1273 382 1316; x_wconf 95' lang='lat' dir='ltr'><strong>A</strong></span> <span class='ocrx_word' id='word_1_135' title='bbox 414 1272 447 1316; x_wconf 95' lang='lat' dir='ltr'><strong>B</strong></span> <span class='ocrx_word' id='word_1_136' title='bbox 481 1271 527 1316; x_wconf 93' lang='lat' dir='ltr'><strong>U</strong></span> <span class='ocrx_word' id='word_1_137' title='bbox 559 1272 596 1316; x_wconf 91' lang='lat' dir='ltr'>L</span> <span class='ocrx_word' id='word_1_138' title='bbox 626 1272 667 1316; x_wconf 95' lang='lat' dir='ltr'>A</span> <span class='ocrx_word' id='word_1_139' title='bbox 748 1271 796 1318; x_wconf 95' lang='lat' dir='ltr'>X</span> <span class='ocrx_word' id='word_1_140' title='bbox 823 1270 871 1317; x_wconf 89' lang='lat' dir='ltr'><strong>X</strong></span> <span class='ocrx_word' id='word_1_141' title='bbox 898 1274 917 1318; x_wconf 81' lang='grc' dir='ltr'>Ι</span> <span class='ocrx_word' id='word_1_142' title='bbox 944 1273 979 1318; x_wconf 88' lang='grc' dir='ltr'>Ι.</span> 
     </span>
     <span class='ocr_line' id='line_1_23' title="bbox 377 1367 890 1427; baseline 0.004 -16"><span class='ocrx_word' id='word_1_143' title='bbox 377 1367 599 1427; x_wconf 76' lang='lat' dir='ltr'>caprarius</span> <span class='ocrx_word' id='word_1_144' title='bbox 630 1368 669 1412; x_wconf 64' lang='grc' dir='ltr'><em>ἃ</em></span> <span class='ocrx_word' id='word_1_145' title='bbox 702 1367 890 1427; x_wconf 78' lang='lat' dir='ltr'>Capella.</span> 
     </span>
    </p>
   </div>
   <div class='ocr_carea' id='block_1_4' title="bbox 130 1439 1117 1963">
    <p class='ocr_par' dir='ltr' id='par_1_5' title="bbox 131 1439 1023 1622">
     <span class='ocr_line' id='line_1_24' title="bbox 131 1439 1023 1528; baseline 0 -12"><span class='ocrx_word' id='word_1_146' title='bbox 131 1439 224 1517; x_wconf 31' lang='grc' dir='ltr'>,ἑὲ</span> <span class='ocrx_word' id='word_1_147' title='bbox 250 1489 276 1515; x_wconf 84' lang='lat' dir='ltr'>G</span> <span class='ocrx_word' id='word_1_148' title='bbox 287 1490 311 1514; x_wconf 75' lang='lat' dir='ltr'>n</span> <span class='ocrx_word' id='word_1_149' title='bbox 322 1490 344 1514; x_wconf 78' lang='lat' dir='ltr'>E</span> <span class='ocrx_word' id='word_1_150' title='bbox 357 1490 383 1515; x_wconf 85' lang='lat' dir='ltr'>G</span> <span class='ocrx_word' id='word_1_151' title='bbox 393 1491 416 1515; x_wconf 81' lang='lat' dir='ltr'>E</span> <span class='ocrx_word' id='word_1_152' title='bbox 435 1483 613 1526; x_wconf 81' lang='lat' dir='ltr'>Capellam</span> <span class='ocrx_word' id='word_1_153' title='bbox 630 1480 864 1515; x_wconf 84' lang='lat' dir='ltr'>discedentem</span> <span class='ocrx_word' id='word_1_154' title='bbox 879 1481 1023 1528; x_wconf 74' lang='lat' dir='ltr'>longius</span> 
     </span>
     <span class='ocr_line' id='line_1_25' title="bbox 133 1529 839 1570; baseline 0.001 -7"><span class='ocrx_word' id='word_1_155' title='bbox 133 1530 314 1563; x_wconf 90' lang='lat' dir='ltr'>Revocare</span> <span class='ocrx_word' id='word_1_156' title='bbox 329 1530 475 1563; x_wconf 84' lang='lat' dir='ltr'>monitis</span> <span class='ocrx_word' id='word_1_157' title='bbox 487 1555 496 1569; x_wconf 89' lang='lat'>,</span> <span class='ocrx_word' id='word_1_158' title='bbox 515 1529 626 1562; x_wconf 83' lang='lat' dir='ltr'>sibilis</span> <span class='ocrx_word' id='word_1_159' title='bbox 637 1555 647 1570; x_wconf 83' lang='lat'><strong><em>,</em></strong></span> <span class='ocrx_word' id='word_1_160' title='bbox 663 1529 839 1564; x_wconf 86' lang='lat' dir='ltr'>conviciis</span> 
     </span>
     <span class='ocr_line' id='line_1_26' title="bbox 131 1579 830 1622; baseline 0.001 -11"><span class='ocrx_word' id='word_1_161' title='bbox 131 1579 301 1612; x_wconf 72' lang='lat' dir='ltr'>Tentarat</span> <span class='ocrx_word' id='word_1_162' title='bbox 311 1604 321 1619; x_wconf 83' lang='lat'>,</span> <span class='ocrx_word' id='word_1_163' title='bbox 337 1579 371 1611; x_wconf 88' lang='lat'>&amp;</span> <span class='ocrx_word' id='word_1_164' title='bbox 386 1579 474 1611; x_wconf 75' lang='lat' dir='ltr'>nihil</span> <span class='ocrx_word' id='word_1_165' title='bbox 488 1589 606 1622; x_wconf 84' lang='lat' dir='ltr'>egerat</span> <span class='ocrx_word' id='word_1_166' title='bbox 621 1579 806 1622; x_wconf 86' lang='lat' dir='ltr'>Caprarius</span> <span class='ocrx_word' id='word_1_167' title='bbox 820 1591 830 1612; x_wconf 78' lang='grc' dir='ltr'><strong><em>ε</em></strong></span> 
     </span>
    </p>

    <p class='ocr_par' dir='ltr' id='par_1_6' title="bbox 132 1627 791 1671">
     <span class='ocr_line' id='line_1_27' title="bbox 132 1627 791 1671; baseline 0 -11"><span class='ocrx_word' id='word_1_168' title='bbox 132 1627 247 1660; x_wconf 85' lang='lat' dir='ltr'>Iratus</span> <span class='ocrx_word' id='word_1_169' title='bbox 260 1638 344 1671; x_wconf 88' lang='lat' dir='ltr'>ergo</span> <span class='ocrx_word' id='word_1_170' title='bbox 359 1629 469 1670; x_wconf 83' lang='lat' dir='ltr'>coepit</span> <span class='ocrx_word' id='word_1_171' title='bbox 483 1627 591 1670; x_wconf 86' lang='lat' dir='ltr'>ipsam</span> <span class='ocrx_word' id='word_1_172' title='bbox 606 1627 791 1671; x_wconf 84' lang='lat' dir='ltr'>persequi:</span> 
     </span>
    </p>

    <p class='ocr_par' dir='ltr' id='par_1_7' title="bbox 131 1675 983 1769">
     <span class='ocr_line' id='line_1_28' title="bbox 131 1675 983 1718; baseline 0.001 -10"><span class='ocrx_word' id='word_1_173' title='bbox 131 1676 250 1718; x_wconf 84' lang='lat' dir='ltr'>Quam</span> <span class='ocrx_word' id='word_1_174' title='bbox 264 1676 342 1709; x_wconf 76' lang='lat' dir='ltr'>cum</span> <span class='ocrx_word' id='word_1_175' title='bbox 358 1675 529 1708; x_wconf 74' lang='lat' dir='ltr'>assecutus</span> <span class='ocrx_word' id='word_1_176' title='bbox 544 1675 626 1708; x_wconf 71' lang='lat' dir='ltr'>estet</span> <span class='ocrx_word' id='word_1_177' title='bbox 643 1689 651 1708; x_wconf 95' lang='lat'><strong>:</strong></span> <span class='ocrx_word' id='word_1_178' title='bbox 669 1675 734 1708; x_wconf 87' lang='lat' dir='ltr'>Per</span> <span class='ocrx_word' id='word_1_179' title='bbox 749 1676 875 1709; x_wconf 89' lang='lat' dir='ltr'>dumos</span> <span class='ocrx_word' id='word_1_180' title='bbox 886 1701 896 1717; x_wconf 83' lang='lat'>‚</span> <span class='ocrx_word' id='word_1_181' title='bbox 911 1675 983 1718; x_wconf 85' lang='lat' dir='ltr'>ait,</span> 
     </span>
     <span class='ocr_line' id='line_1_29' title="bbox 131 1723 741 1769; baseline 0.002 -13"><span class='ocrx_word' id='word_1_182' title='bbox 131 1723 198 1757; x_wconf 90' lang='lat' dir='ltr'>Per</span> <span class='ocrx_word' id='word_1_183' title='bbox 215 1725 420 1769; x_wconf 83' lang='lat' dir='ltr'>asperasque</span> <span class='ocrx_word' id='word_1_184' title='bbox 439 1736 495 1758; x_wconf 89' lang='lat' dir='ltr'>me</span> <span class='ocrx_word' id='word_1_185' title='bbox 510 1723 652 1769; x_wconf 84' lang='lat' dir='ltr'>coegisti</span> <span class='ocrx_word' id='word_1_186' title='bbox 665 1724 741 1757; x_wconf 86' lang='lat' dir='ltr'>vias</span> 
     </span>
    </p>

    <p class='ocr_par' dir='ltr' id='par_1_8' title="bbox 131 1772 946 1866">
     <span class='ocr_line' id='line_1_30' title="bbox 131 1772 946 1817; baseline 0.001 -11"><span class='ocrx_word' id='word_1_187' title='bbox 131 1773 213 1806; x_wconf 78' lang='lat' dir='ltr'>Huc</span> <span class='ocrx_word' id='word_1_188' title='bbox 229 1784 340 1817; x_wconf 76' lang='lat' dir='ltr'>usque</span> <span class='ocrx_word' id='word_1_189' title='bbox 354 1784 490 1807; x_wconf 85' lang='lat' dir='ltr'>currere</span> <span class='ocrx_word' id='word_1_190' title='bbox 508 1786 515 1806; x_wconf 91' lang='lat'>:</span> <span class='ocrx_word' id='word_1_191' title='bbox 533 1784 566 1806; x_wconf 89' lang='lat' dir='ltr'>at</span> <span class='ocrx_word' id='word_1_192' title='bbox 580 1773 668 1806; x_wconf 87' lang='lat' dir='ltr'>mihi</span> <span class='ocrx_word' id='word_1_193' title='bbox 684 1784 807 1816; x_wconf 83' lang='lat' dir='ltr'>poenas</span> <span class='ocrx_word' id='word_1_194' title='bbox 823 1772 918 1807; x_wconf 78' lang='lat' dir='ltr'>dabis</span> <span class='ocrx_word' id='word_1_195' title='bbox 935 1786 946 1807; x_wconf 89' lang='lat'><strong>:</strong></span> 
     </span>
     <span class='ocr_line' id='line_1_31' title="bbox 133 1821 864 1866; baseline 0.004 -13"><span class='ocrx_word' id='word_1_196' title='bbox 133 1821 316 1865; x_wconf 74' lang='lat' dir='ltr'>Simulque</span> <span class='ocrx_word' id='word_1_197' title='bbox 330 1822 431 1856; x_wconf 81' lang='lat' dir='ltr'>caedit</span> <span class='ocrx_word' id='word_1_198' title='bbox 443 1821 528 1856; x_wconf 83' lang='lat' dir='ltr'>fuste</span> <span class='ocrx_word' id='word_1_199' title='bbox 542 1823 628 1855; x_wconf 89' lang='lat' dir='ltr'>duro</span> <span class='ocrx_word' id='word_1_200' title='bbox 640 1847 650 1862; x_wconf 85' lang='lat'><strong>‚</strong></span> <span class='ocrx_word' id='word_1_201' title='bbox 666 1822 699 1855; x_wconf 70' lang='grc' dir='ltr'>ὅ(</span> <span class='ocrx_word' id='word_1_202' title='bbox 712 1821 864 1866; x_wconf 87' lang='lat' dir='ltr'>percitus</span> 
     </span>
    </p>

    <p class='ocr_par' dir='ltr' id='par_1_9' title="bbox 130 1869 1117 1963">
     <span class='ocr_line' id='line_1_32' title="bbox 133 1869 856 1914; baseline 0.003 -12"><span class='ocrx_word' id='word_1_203' title='bbox 133 1869 252 1902; x_wconf 89' lang='lat' dir='ltr'>Tanto</span> <span class='ocrx_word' id='word_1_204' title='bbox 268 1870 385 1905; x_wconf 88' lang='lat' dir='ltr'>furore</span> <span class='ocrx_word' id='word_1_205' title='bbox 400 1897 409 1911; x_wconf 92' lang='lat'>‚</span> <span class='ocrx_word' id='word_1_206' title='bbox 425 1873 534 1904; x_wconf 80' lang='lat' dir='ltr'>vellat</span> <span class='ocrx_word' id='word_1_207' title='bbox 548 1881 587 1904; x_wconf 92' lang='lat' dir='ltr'>ut</span> <span class='ocrx_word' id='word_1_208' title='bbox 603 1870 696 1914; x_wconf 90' lang='lat' dir='ltr'>pilos</span> <span class='ocrx_word' id='word_1_209' title='bbox 712 1896 721 1912; x_wconf 87' lang='lat'>,</span> <span class='ocrx_word' id='word_1_210' title='bbox 739 1881 856 1904; x_wconf 86' lang='lat' dir='ltr'>cutem</span> 
     </span>
     <span class='ocr_line' id='line_1_33' title="bbox 130 1916 1117 1963; baseline 0.002 -10"><span class='ocrx_word' id='word_1_211' title='bbox 130 1916 336 1954; x_wconf 77' lang='lat' dir='ltr'>Proscindat</span> <span class='ocrx_word' id='word_1_212' title='bbox 347 1946 355 1962; x_wconf 96' lang='lat'>,</span> <span class='ocrx_word' id='word_1_213' title='bbox 373 1921 516 1954; x_wconf 81' lang='lat' dir='ltr'>oculum</span> <span class='ocrx_word' id='word_1_214' title='bbox 530 1920 692 1954; x_wconf 77' lang='lat' dir='ltr'>excludat</span> <span class='ocrx_word' id='word_1_215' title='bbox 704 1920 837 1954; x_wconf 78' lang='lat' dir='ltr'>laevum</span> <span class='ocrx_word' id='word_1_216' title='bbox 847 1945 860 1963; x_wconf 82' lang='lat'>,</span> <span class='ocrx_word' id='word_1_217' title='bbox 873 1919 1054 1955; x_wconf 74' lang='lat' dir='ltr'>dexteram</span> <span class='ocrx_word' id='word_1_218' title='bbox 1110 1947 1117 1951; x_wconf 90' lang='lat'><em>.</em></span> 
     </span>
    </p>
   </div>
   <div class='ocr_carea' id='block_1_5' title="bbox 1144 0 1225 2367">
    <p class='ocr_par' dir='ltr' id='par_1_10' title="bbox 1144 0 1225 2367">
     <span class='ocr_line' id='line_1_34' title="bbox 1144 0 1225 2367; baseline 0 0"><span class='ocrx_word' id='word_1_219' title='bbox 1144 0 1225 2367; x_wconf 95' lang='lat' dir='ltr'> </span> 
     </span>
    </p>
   </div>
  </div>
 </body>
</html>
