1225 2367
135 73 229 130 ‘302
298 67 448 113 ΓΑΒ.
482 65 964 116 AESOPIARUM

135 150 182 184 At
199 150 257 183 ine
274 160 391 184 morus
407 150 664 190 misericordia,
682 152 799 196 gulam

133 199 364 242 Compescuit
379 212 388 238 ·‚
406 200 443 232 su
457 211 545 244 sque
564 199 679 233 vistor
695 200 823 233 indolis
839 226 848 241 ‚

134 246 357 281 Incolumem
373 248 467 282 abire
486 260 540 281 me
557 249 719 293 permisit
737 275 745 288 ,
765 249 799 281 ὅ(
815 250 898 283 loco

135 296 254 329 Cessit
265 322 273 337 ‚
288 297 465 329 tremenda
483 308 525 330 ne
543 297 616 337 ejus
632 309 677 331 ex
693 297 876 341 praesentia

135 343 295 388 Frigidus
313 345 461 378 inertem
479 346 649 379 detineret
666 357 721 379 me
739 357 863 388 pavor.

186 393 256 426 Bos
273 393 466 427 ruminatur
483 394 602 428 omnia
618 395 693 427 hec
705 421 713 434 ‚
733 395 766 427 ὅ(
782 393 939 429 sensibus

134 440 294 484 Reponit
309 442 410 479 imi33
428 443 461 475 &
476 454 512 475 re
530 444 570 476 ad
585 453 781 476 extremum
795 443 878 476 satis

134 490 368 524 Considerata
385 504 393 525 ε
411 492 454 525 Se
469 491 531 525 tibi
551 492 624 525 Leo
642 492 772 525 obtulit

134 538 366 582 Inopinanter
377 566 386 581 ‚
403 541 453 574 ais
470 567 479 581 ,
495 541 528 573 ὅ(
542 541 682 584 quidem
698 540 880 574 famelicus
893 565 904 582 ‚

136 587 188 621 Ut
202 588 287 621 reris
304 601 311 621 z
328 599 361 621 at
377 600 445 633 ego
462 589 581 622 veritis
599 590 714 623 forsan
733 599 854 633 putem
869 614 878 628 ‚

136 636 301 670 Saturum
317 636 414 670 fuisse
430 650 440 675 ·‚
460 638 492 670 &
507 640 612 681 (pace
631 649 710 671 cum
727 648 786 670 tua
802 638 893 670 bona

136 684 305 726 Dictum,
323 697 389 719 oro
400 712 408 726 ‚
423 686 528 719 fuerit
544 689 554 728 )
570 687 645 719 visa
660 697 698 720 tu
714 686 828 719 forsan
846 695 990 731 quoque

137 733 262 767 Macra
279 734 384 767 nimis
402 735 497 773 esca,
515 745 578 767 nec
595 735 674 768 satis
691 761 701 775 ,
717 745 788 767 tarn
803 734 921 768 nobile

137 781 291 827 Tergere
308 785 464 827 palatum
477 809 485 823 ‚
502 782 605 827 digna
621 796 628 817 :
647 784 704 816 sed
721 794 763 816 ne
780 783 943 826 pertinax

138 830 222 864 Tibi
239 830 305 864 effe
318 833 439 865 videar
450 858 458 872 ‚
476 831 547 865 esto
560 858 568 871 ‚
586 832 690 865 siccis
705 832 861 865 faucibus

138 879 310 918 Venerit.
328 880 450 913 abierit
467 892 476 917 ·‚
494 890 600 925 teque
617 881 695 914 cum
714 880 909 914 dimitteret

139 928 360 962 Incolumem
372 955 381 970 ‚
399 928 524 962 sanstis
541 929 674 973 legibus
692 929 888 962 clementiae

140 976 196 1010 Sit
214 977 396 1011 obsecutus
413 990 420 1010 :
435 988 469 1011 at
485 989 548 1011 nec
565 979 694 1011 idcirco
709 989 827 1011 tamen

139 1026 362 1060 Descendere
378 1038 482 1072 cogar
498 1027 534 1060 in
551 1037 646 1060 tuam
663 1027 891 1064 sententiam3

140 1075 267 1119 Neque
284 1075 374 1108 resta
391 1075 481 1108 ratio
498 1077 635 1109 credere
651 1087 817 1119 umquam
834 1085 890 1108 me
904 1073 1016 1116 sinet,

141 1123 196 1158 Ita
213 1123 279 1157 effe
297 1123 436 1168 penitus
457 1134 624 1157 mutatam
641 1124 714 1163 eius
732 1124 887 1157 indolem
901 1150 910 1166 ,

142 1172 195 1205 Ut
212 1172 286 1205 sine
303 1173 437 1216 periclo
455 1184 473 1205 a
490 1173 614 1206 ceteris
631 1173 865 1206 animantibus

144 1220 327 1265 Deinceps
343 1221 428 1254 adiri
445 1222 560 1264 possit
574 1234 582 1253 τ
598 1222 708 1255 immo
724 1222 797 1254 haec
813 1220 972 1254 omnium
983 1245 994 1262 ‚

144 1270 264 1312 Quam
281 1270 367 1303 dicis
379 1296 388 1309 ,
405 1281 529 1303 exorta
545 1270 699 1314 undique
716 1269 923 1311 admiratio,

145 1317 255 1361 Quod
271 1329 304 1352 te
322 1319 547 1352 innocentem
564 1330 637 1352 non
653 1318 834 1352 voraverit
847 1319 920 1352 Leo
936 1344 946 1360 ‚

144 1365 254 1404 Vesci
277 1368 507 1401 innocentum
524 1368 683 1401 carnibus
699 1367 843 1400 solitum
857 1369 994 1411 probat.

197 1417 331 1449 Fabella
351 1419 481 1450 mnitos
498 1418 539 1450 ad
555 1426 717 1461 potentes
734 1416 886 1459 pertinet
899 1441 908 1455 ‚

147 1464 222 1507 Qui
245 1466 484 1498 calamitosum
500 1466 536 1498 in
555 1464 683 1508 vulgus
702 1465 890 1508 aliquando
911 1463 1008 1497 suam

148 1514 401 1547 Crudelitatem
417 1513 578 1547 adhibere
596 1514 623 1546 si
641 1513 860 1557 neglexerint
874 1537 884 1552 ,

148 1561 385 1598 Humanitatis
400 1564 538 1597 laudem
554 1563 644 1606 apud
657 1560 779 1595 stultos
796 1561 925 1596 ferunt.

551 1708 728 1744 ‘sb-:esttib-
