1268 2361
167 251 565 300 FAOE3UI„A
645 253 864 299 XIII.

260 349 510 407 Delphinus
537 347 580 394 δ’
600 349 777 394 Simius.

0 0 6 143 i
161 87 400 133 LIBER
475 97 854 143 QUJNTUS.
933 101 1016 148 103

0 153 5 210 Ε

0 216 5 236 Ι

30 419 135 498 Μ
147 472 169 496 E
181 472 201 496 L
213 472 228 496 1
239 472 263 496 τ
276 472 345 497 AEA
363 463 511 497 Athenis
523 462 594 505 jam
609 462 871 508 propinquabat
884 463 966 498 ratis
981 477 991 500 z

29 512 154 547 Exorta
170 510 287 546 subito
304 512 377 545 dira
393 511 577 556 tempestas
594 522 671 544 eam

28 560 141 606 Fregit
154 586 163 601 ‚
181 569 366 605 pontoque
382 561 582 603 dissipavit.
601 561 680 593 Hoc
696 559 820 594 videns
836 588 846 602 ‚

29 609 233 650 Miseretur,
251 609 284 642 &
302 620 545 654 quoscumque
562 608 762 652 Delphinus
778 609 912 653 potest,

29 657 151 698 Juvat,
165 657 326 701 rapitque
343 658 384 691 ab
401 658 504 690 undis
521 657 684 692 homines
701 660 889 703 naus'ragos
901 684 913 700 ⁷

29 705 212 750 Terraeque
228 705 356 739 reddit:
375 716 464 750 quos
483 705 516 738 ὅ(
531 706 623 738 inter
634 731 643 745 ‚
660 715 733 738 non
749 705 831 740 satis

29 753 237 788 Discernens
254 764 400 799 genera,
417 754 568 787 Simium
585 753 688 786 dorso
704 755 813 787 levat.

27 802 128 837 Hu'nc
145 803 226 836 dum
240 803 414 843 vehebat,
429 814 495 847 qua
513 804 620 836 domo
637 801 740 844 effer,
754 802 917 847 quaesiit:

6 887 7 891 ,
27 850 81 886 An
95 851 353 886 Atheniensis?
363 852 468 893 Sum,
483 851 619 899 inquit,
632 851 708 900 ipsa
725 852 864 887 scilicet

27 899 68 934 In
81 901 163 934 urbe
180 900 293 934 media
310 910 436 939 natu53
456 901 490 933 &
506 897 593 935 mihi
609 896 687 934 sunt
704 900 858 945 quidem

27 947 189 988 Parentes
205 949 310 993 primi
327 949 472 983 civium.
489 950 580 995 Ergo
596 960 634 983 tu
650 949 761 994 probe

27 995 172 1031 Pnaeum
188 997 301 1032 nosti.
294 1000 309 1022 ³
324 998 400 1039 Sic,
418 998 485 1039 ait,
501 1009 607 1032 nemo
623 1008 663 1031 ut
679 998 812 1044 magis·‚

27 1045 188 1080 Amicum
204 1046 360 1091 quippe,
376 1047 542 1091 sanguine
561 1047 594 1081 &
610 1047 768 1089 junetum
784 1046 886 1083 mihi.

28 1093 93 1135 Hic
109 1104 225 1129 autem
241 1105 384 1139 portum
400 1096 533 1130 Simius
550 1095 656 1131 nimis
671 1097 808 1140 loquax

27 1141 67 1176 In
78 1142 257 1177 hominem
274 1144 393 1178 vertit.
413 1145 520 1187 Quod
536 1145 640 1178 simul
658 1145 764 1178 sensit
775 1171 785 1186 ‚
801 1152 906 1190 caput

28 1190 176 1226 Reflexit
186 1219 195 1234 ‚
209 1203 434 1237 erroremque
451 1193 651 1237 Delphinus
665 1193 766 1228 suum

29 1238 227 1286 Intelligens
238 1267 248 1283 ‚
265 1241 401 1276 remisit
418 1241 456 1274 in
471 1253 576 1286 aquas
593 1241 748 1276 bestiam.

74 1287 146 1324 Sibi
161 1289 236 1335 ipsa
252 1290 388 1335 semper
401 1301 494 1324 vana
511 1290 709 1336 loquacitas
725 1299 847 1324 nocet.

149 1394 175 1420 (ι
316 1380 888 1428 ψ-ΕεῑῗωέΕ--εεῠι

225 1479 257 1523 F
280 1478 320 1523 A
348 1479 380 1524 B
410 1480 456 1525 U
481 1479 517 1525 L
541 1479 579 1522 A
646 1477 692 1523 X
714 1481 732 1525 I
752 1480 811 1526 V.

321 1576 462 1620 Fures·
476 1574 519 1621 δ’
540 1575 709 1620 Gallus.

32 1644 106 1723 C
119 1695 193 1720 ΰΜ,
207 1688 312 1722 Fures
327 1690 604 1732 captum-dedere
617 1697 778 1733 pararent
791 1688 877 1725 neci2

30 1733 196 1774 Gallum,
185 1748 192 1755 ·
213 1738 367 1781 rogabat
362 1737 452 1778 ille,
466 1738 500 1771 se
515 1748 554 1771 ut
571 1737 812 1778 dimitterent,

30 1782 240 1818 Hominibus
255 1785 386 1829 quippe
402 1786 462 1829 qui
476 1786 641 1820 didicerit·
648 1786 771 1819 utilem

29 1830 120 1866 Dare
137 1844 302 1876 operam,
321 1836 354 1866 &
371 1834 466 1878 ipsos
483 1844 562 1868 ante
575 1837 687 1869 lucem
705 1834 844 1867 suscitet

32 1877 130 1925 Opus
146 1883 188 1916 ad
203 1883 376 1918 diurnum.
393 1884 441 1919 At
455 1883 530 1917 illi:
547 1884 604 1917 Tu
618 1882 718 1919 tanto
733 1882 855 1964 gagis

783 1942 820 1963 lv

0 2079 184 2361 Γψ
