1225 2367
186 141 280 177 200
346 130 496 173 ΓΑΒ.
530 128 1007 173 AESOPIARUM

183 211 301 252 Quem
318 208 427 242 nimia
441 209 570 252 pariter
586 209 797 252 impediebat
813 210 965 243 obesitas
979 234 990 252 ‚

182 259 242 292 Sic
260 257 464 291 consolandi
480 257 590 302 gratie}
607 259 779 290 allocutus
796 257 843 290 est
860 271 868 292 z

183 308 258 351 Age
274 304 362 340 vero
378 333 386 347 ‚
404 305 529 346 frater,
542 305 607 338 hos
624 305 744 339 inanes
761 306 956 350 comprime
970 331 980 348 ‚
1005 314 1008 317 ‘

183 355 379 398 Parumque
395 354 560 387 honestos
578 354 729 398 gemitus
746 367 753 387 ε
772 366 875 398 aequo
892 354 1011 388 animo
1028 351 1128 399 sequi

184 404 254 436 Sua
271 406 420 448 quisque
436 403 504 436 fata
519 403 619 435 debet
636 415 645 436 z
662 414 786 436 omnes
802 413 835 436 te
852 403 964 436 sciunt

182 453 312 485 Natum
331 451 490 496 gerendis
507 450 696 489 oneribus·,
715 463 791 496 quae
809 451 839 484 si
859 451 976 485 libens

183 501 389 543 Alacrisque
405 510 524 544 gerere
540 499 787 533 detrectaveris
802 526 812 541 ‚
826 499 915 533 nihil

183 548 380 582 Profeceris
398 560 407 586 3
422 559 462 581 ea
478 559 629 592 namque
645 548 782 592 cogeris
798 557 916 581 tamen
929 573 940 589 ,

183 596 376 641 Tristisque
388 622 397 637 ,
414 607 544 641 gerere.
562 598 608 629 At
625 599 750 630 oculos
768 596 805 630 in
821 607 877 630 me
893 595 1045 641 denique

182 644 335 687 Conjice
346 671 355 686 ,
372 654 538 689 tuamque
554 645 644 679 disce
658 646 834 678 fortunam
854 645 939 689 pati.

182 695 240 727 An
252 694 368 728 levius
382 693 449 727 effe
459 719 470 734 ‚
487 692 592 739 quz'im
608 703 642 727 te
657 719 666 735 ‚
683 693 846 727 onustum
860 705 916 727 me
932 703 1033 739 putas
1047 693 1062 728 ἓ

184 743 339 776 Adverte
357 752 526 787 quantum
543 742 799 787 pinguitudinis
815 753 933 788 geram
951 754 960 776 :

184 792 310 824 Meum
328 791 413 824 illud
429 802 519 824 onus
534 791 599 832 est,
617 802 688 835 quo
705 790 847 835 quidem
862 800 957 825 totus
974 800 1116 836 premo:

185 838 238 874 Εὸ
255 851 366 884 usque
382 866 389 880 ‚
407 839 474 873 vix
488 849 527 872 ut
540 840 675 885 ingredi
690 840 794 873 liceat
809 839 898 873 mihi
913 852 925 878 ·‚

186 888 229 921 Et
245 888 319 921 vita
336 888 449 922 nostra
462 888 638 933 peragitur
651 888 884 922 nihilominus

187 937 278 970 Satis
294 936 445 979 jucunde
460 949 470 976 3
488 948 552 971 nec
568 937 659 971 curis
675 937 865 980 edacibus,

188 985 325 1019 Ullisve
341 985 449 1029 porro
470 985 656 1031 gemitibus
676 985 929 1030 corrumpitur.

239 1034 451 1068 Orationem
468 1034 570 1067 Porci
585 1035 706 1067 Mulus
723 1035 888 1078 respuens
905 1044 916 1065 z

191 1083 347 1125 Sortem,
364 1083 414 1116 ait
429 1109 437 1124 ,
454 1082 619 1128 utrinque
637 1083 807 1128 disparem
822 1082 890 1117 effe
906 1093 981 1117 non
992 1082 1091 1118 vides
1104 1084 1123 1121 ἓ

189 1130 302 1164 Effem
318 1133 438 1165 beatus
450 1157 460 1172 ,
476 1132 505 1164 si
520 1143 674 1165 carerem
687 1131 819 1164 sarcinii
834 1144 844 1170 ·,

191 1180 236 1212 At
250 1189 288 1213 tu
303 1180 408 1213 miser
422 1179 491 1213 eris
506 1206 515 1221 ‚
535 1179 614 1213 cum
627 1190 727 1213 tuum
741 1180 879 1214 amittes
896 1191 1002 1215 onus,

324 1256 1050 1307 -css-ffi-ssffeassfflw

386 1346 416 1391 F
449 1344 556 1392 AB
590 1344 635 1390 U
668 1345 703 1389 L
737 1344 771 1389 A
857 1343 904 1389 Χ
934 1346 992 1391 ν’,

611 1440 775 1500 Vulpis.

250 1512 281 1535 Ὺ.

194 1512 255 1587 εξ]
285 1563 312 1588 υ
324 1564 344 1586 L
356 1563 376 1586 1‘
389 1563 403 1586 1
416 1563 432 1586 s
456 1554 535 1586 dum
550 1553 670 1587 furtim
686 1552 799 1586 villici
817 1554 974 1586 chortem
989 1553 1079 1588 subit
1090 1579 1106 1597 ,

195 1602 364 1646 Queritur
375 1628 384 1642 ,
402 1612 534 1636 meatus
549 1601 646 1646 quod
661 1601 707 1635 sit
723 1601 884 1648 angustus
901 1602 1027 1647 nimis:

197 1653 263 1685 Sed
279 1651 519 1695 insequentem
534 1650 672 1694 posthac
685 1652 766 1683 dum
783 1650 909 1695 refugit
923 1661 1042 1685 canem
1053 1675 1064 1693 ,

197 1700 366 1744 Queritur
380 1725 388 1740 ‚
406 1709 538 1735 meatus
556 1698 651 1743 quod
664 1699 710 1732 sit
725 1697 838 1733 multo
854 1699 983 1737 laxior.

249 1749 407 1784 Humana
423 1748 513 1794 saepe
529 1748 619 1784 ratio
635 1748 750 1783 secum
767 1747 928 1784 dissidet..
