1268 2361
278 125 508 169 LIBER
562 132 877 167 PRIMUS.

83 204 217 241 Videar
231 205 328 240 fuiss‘e
346 206 492 251 diligens
509 218 515 238 :
534 215 611 237 mea
629 203 770 236 interim

85 255 205 302 Opera
221 255 286 289 tibi
301 257 380 288 data
397 255 443 288 est
458 267 468 292 ·‚
486 255 519 288 &
534 253 601 287 fuit
616 252 767 296 pretium
786 262 892 283 moroe
907 262 917 284 ι

83 304 176 338 Nam
192 304 338 337 circuivi
353 316 362 342 3
382 304 415 336 ὅ(
430 303 511 336 hinc
533 303 566 335 ὅ(
583 301 679 335 illinc
696 298 815 334 sedulo

83 352 246 397 Rogavi,
261 353 439 397 quodnam
454 350 645 385 remedium
661 347 877 394 praestantius
888 372 899 389 ,

83 401 234 445 Tuoque
249 402 408 435 tollendo
425 400 540 444 aptius
556 400 682 433 morbo
698 399 801 432 foret.

83 449 180 492 Quid
195 449 393 494 comperisti
405 476 413 491 ‚
428 449 552 493 quaerit
569 447 756 494 impatiens
773 447 844 479 Leo
859 446 874 479 ?

82 497 284 542 Respondet
298 499 426 542 Vulpis
442 511 449 532 :
465 499 523 531 Nil
540 496 638 531 crede
654 495 825 530 efficacius
836 520 846 537 ,

84 546 201 588 Quam
219 547 247 580 si
263 546 398 589 jubebis
415 547 548 580 detrahi
565 547 692 590 pellem
709 545 809 588 Lupo

83 594 254 636 Viventi,
268 606 416 639 eamque
433 595 594 640 protinus
611 595 758 627 calidam
774 593 910 627 indues.

83 641 201 676 Placet
217 644 409 677 remedium
425 657 431 677 ι
448 644 565 688 Lupus
583 653 667 688 ergo
685 642 883 687 deglubitur

83 690 211 733 Miser,
227 693 260 725 δι
277 693 433 737 agnoscit
444 719 453 733 ‚
467 704 543 737 quae
560 692 646 725 nihil
664 691 828 724 dominos
844 690 966 732 juvat,

81 737 248 774 Recidere
263 741 419 775 fraudem
436 743 525 786 saepe
542 741 578 774 in
595 739 754 774 amstores
772 740 865 773 suos.

211 829 515 860 04aeAE
525 817 678 866 §ffst‘ss

295 904 650 950 FABULA
712 903 858 950 VII.

387 991 559 1035 Pueruli
584 991 765 1034 Fratres,

893 832 940 856 -Φ

81 1047 160 1124 ..i-N
178 1099 203 1122 Α
215 1098 239 1123 τ
250 1098 277 1122 U
290 1097 315 1121 R
326 1096 350 1120 Α
364 1113 375 1128 ,
391 1088 425 1120 8(
439 1087 521 1120 usus
537 1086 622 1120 vitae
639 1085 836 1120 communis
854 1087 945 1120 duos

79 1139 215 1172 fratres
232 1137 397 1182 puerulos
414 1146 540 1169 mutuo
556 1134 790 1175 conjunxerat

79 1187 212 1220 Amore
223 1213 233 1227 ,
249 1187 388 1230 qualem
404 1185 492 1218 ferre
510 1184 545 1217 id
561 1184 674 1217 aetatis
691 1184 793 1217 solet.

72 1235 254 1269 &Te-matus
270 1234 317 1267 est
332 1234 424 1267 forte
441 1244 530 1266 unus
549 1234 732 1266 amborum
750 1232 821 1265 levi
836 1258 846 1273 ‚

81 1283 256 1327 Brevique
274 1283 400 1315 morbo
415 1294 422 1315 :
440 1292 569 1314 venam
586 1281 747 1324 oportuit
762 1291 882 1314 tamen

81 1332 219 1373 Secari,
237 1331 373 1364 medico
390 1330 440 1363 sic
454 1329 609 1371 jubente.
628 1330 735 1371 Quod
749 1330 895 1371 videns,

80 1381 246 1416 Protinus
264 1379 390 1413 adfiere
407 1379 517 1423 coepit
534 1379 631 1411 alter.
649 1379 694 1411 At
711 1378 797 1412 mihi

80 1430 163 1464 Pius
180 1429 240 1463 iste
257 1439 375 1462 motus
393 1427 638 1462 misericordiae
655 1429 769 1470 placet
780 1453 790 1468 ‚

80 1479 142 1512 Ait
158 1490 248 1523 aeger
264 1478 379 1510 secum
397 1486 561 1520 reputans
576 1488 586 1514 ·‚
604 1487 643 1509 ac
659 1476 766 1508 etiam
783 1475 895 1521 magi3
906 1502 915 1517 ,

81 1526 198 1570 Quam
214 1526 363 1566 credidi,
377 1527 418 1558 ab
435 1536 479 1558 eo
496 1535 587 1557 nunc
603 1536 658 1557 me
675 1524 784 1557 amari
801 1524 977 1570 intelligo.

79 1574 248 1609 Postridie
259 1601 269 1616 ,
283 1575 361 1608 cum
377 1574 491 1618 prima
506 1572 656 1606 rediiffet
671 1573 761 1606 salus
772 1599 782 1614 ,
834 1601 838 1604 .

81 1624 301 1658 Germanum
318 1622 476 1666 adspexit
492 1621 722 1655 crustulorum
739 1621 840 1665 copia

78 1672 286 1706 Instrustum
300 1685 308 1705 ε
326 1681 461 1716 partem
479 1671 546 1704 sibi
561 1671 641 1704 dare
656 1681 696 1704 ut
712 1670 800 1703 velit
811 1696 822 1711 ,
835 1680 950 1716 rogat.

81 1723 195 1767 Negat
211 1721 269 1754 ine
285 1720 384 1754 vero.
400 1719 522 1762 Quid?
537 1719 623 1753 mihi
639 1719 715 1763 pias
730 1719 806 1752 heri

79 1770 270 1815 Lacrymas
286 1769 424 1809 dedisti,
438 1779 597 1812 nuncque
613 1767 799 1801 crustulum
816 1779 921 1812 negas
937 1769 951 1802 ἓ

79 1819 182 1863 Nego
194 1845 203 1859 ‚
217 1818 266 1851 ait
281 1831 288 1851 ε
303 1819 435 1851 Natura
453 1819 509 1850 dat
524 1819 698 1861 lacrymas
709 1843 718 1857 ,
733 1828 806 1849 non
822 1816 982 1854 crustula.

131 1868 294 1911 Speciosa
309 1867 398 1910 saepe
414 1866 566 1899 santstam
582 1865 775 1898 amicitiam
792 1875 876 1898 nota

82 1915 263 1951 Testatur:
280 1925 316 1950 at
330 1914 410 1951 rari)
425 1915 499 1960 ipsa
516 1925 570 1949 res
582 1913 691 1949 fidem
706 1914 801 1948 facit.

790 1962 822 1996 A
836 1961 874 1996 iv
