1268 2361
234 107 466 152 LIBER
524 114 881 152 TERTIUS.
992 122 1049 169 71

59 189 182 236 'Quem
198 188 245 223 sit
259 188 419 223 habitura
435 188 584 234 denique
599 215 609 231 ‚
625 188 705 223 satis
722 189 913 233 providens
924 212 936 231 ‚

63 238 221 273 Textilia
237 240 280 272 ad
295 240 382 272 altas
399 238 486 271 retia
503 239 679 282 suspendit
697 238 790 271 fores
806 264 816 279 ‚

64 288 145 331 Qua
162 289 346 332 pervolare
362 287 451 331 saepe
467 286 648 320 inimicam
663 287 812 321 viderat.

63 336 257 371 Enimverc‘)
275 337 334 369 illa
350 336 548 369 concitatos
566 336 720 380 impetus

62 386 159 419 Mox
174 386 371 418 advolando
387 386 454 418 huc
470 384 589 429 dirigit
604 397 613 423 3
630 385 687 418 sed
702 384 789 417 retia
803 409 813 425 ‚

66 435 249 478 Simulque
267 434 452 467 textricem
467 445 545 466 aera
561 444 623 477 per
638 433 793 466 medium
812 432 902 477 rapit
917 459 927 474 ‚

65 483 257 527 Portatque
268 509 277 524 ‚
295 494 358 516 nec
372 483 460 516 novi
477 483 594 515 oneris
611 482 801 526 quidquam
818 482 984 518 sentiens.

63 532 167 565 Tunc
184 532 308 565 misera
323 531 451 565 trachis
469 543 531 576 per
546 532 739 575 profundos
757 531 847 564 aeris

66 581 200 614 Aranea
216 582 370 624 pendens
389 594 396 613 :
413 581 532 620 Hanc,
548 580 596 613 ait
608 606 616 621 ‚
630 579 715 621 juste
732 579 848 612 vicem

65 629 239 674 Experior
253 655 262 670 ,
280 640 406 674 genera
423 641 500 673 quae
516 629 717 662 volantium
732 627 855 661 infima

66 678 157 712 Ct'im
172 678 238 711 vix
254 679 373 712 labore
387 689 516 722 magno
533 677 677 721 praedari
693 688 818 721 queam
834 703 844 717 ,

66 728 200 770 Capere
219 739 300 760 aves
315 725 410 770 poffe
427 737 500 759 tam
517 737 658 771 magnas
675 725 887 769 putaverim.

115 775 253 818 Maiora
269 775 406 808 viribus
423 775 563 820 aggredi
580 775 669 808 ratio
686 784 784 807 vetat
799 786 808 811 ·‚

66 823 133 858 Sed
148 824 239 858 ratio
254 850 263 866 ‚
282 825 315 858 &
331 825 381 858 ira
398 825 481 868 quid
497 824 534 856 in
549 835 737 857 commune
753 822 939 856 consulunt
954 824 968 858 ἓ

415 904 649 954 -ᾗῖΖΞ-,ἓὲ
656 915 915 939 =-—-—--—9-

231 993 263 1038 F
297 992 338 1037 A
375 992 409 1036 B
446 992 490 1037 U
525 992 560 1036 L
599 992 639 1036 A
706 990 755 1036 X
789 991 824 1036 L
859 992 893 1037 I.

346 1088 499 1147 Vulpis
530 1086 573 1133 ὃ
598 1088 782 1132 Ericius.

68 1159 153 1237 R
166 1211 188 1235 Ε
201 1211 216 1236 1
236 1201 475 1236 administrum
491 1202 639 1245 publicae
656 1227 665 1241 ‚
681 1201 782 1234 furtis
799 1201 868 1235 suis

67 1251 233 1285 Ditatum
248 1277 256 1291 ‚
276 1251 385 1284 Samii
401 1252 523 1283 dedere
539 1250 618 1282 cum
634 1252 768 1283 vellent
784 1251 861 1283 neci
877 1276 884 1290 ,

71 1299 222 1343 AEsopus
239 1299 301 1332 tali
317 1299 432 1332 fabula
448 1298 615 1331 deterruit
632 1311 638 1330 :

119 1348 261 1381 Terram
278 1348 315 1380 in
330 1349 490 1380 lacunam
506 1346 598 1380 fort'e
615 1346 744 1391 Vulpis
761 1346 883 1380 incidit
896 1373 905 1388 ,

69 1397 143 1430 Nec
159 1396 253 1429 abire
270 1396 389 1440 potuit
404 1422 413 1436 ‚
429 1395 608 1439 impeditis
626 1396 782 1428 cruribus

70 1445 174 1478 Limo
191 1445 316 1479 tenaci.
335 1445 377 1478 Et
392 1446 459 1478 huc
475 1444 580 1477 simu}
597 1445 703 1478 denso
721 1445 858 1489 agmine

71 1493 202 1527 Muscae
216 1495 421 1527 advolantes
437 1493 651 1527 indefensam
668 1493 800 1527 aculei5

72 1542 202 1575 Fodere
219 1542 429 1576 institerunt.
448 1543 555 1584 Quod
570 1542 695 1575 videns
712 1543 846 1577 Ericius
861 1569 870 1584 ,

69 1589 216 1624 Parabat
230 1618 238 1631 ,
256 1591 388 1636 quippe
403 1601 523 1624 motus
539 1590 777 1624 misericordia
792 1617 801 1631 ‚

73 1639 187 1673 Malas
203 1639 340 1684 abigere
356 1641 519 1673 voiucres
535 1652 544 1677 ς
559 1640 618 1672 {aa
634 1640 692 1673 sed
704 1641 849 1674 abnuit:

74 1688 233 1732 Namque
250 1688 311 1721 has
328 1688 415 1721 mihi
430 1715 439 1729 ,
456 1688 572 1733 inquit
587 1715 596 1729 ,
613 1700 656 1722 ne
673 1689 864 1722 molestiam
883 1699 1025 1734 gravem

72 1735 151 1770 Jam
167 1736 277 1770 facere
294 1738 432 1780 possint
448 1763 457 1777 ,
473 1737 612 1770 satietas
628 1738 700 1781 ipsa
717 1738 863 1781 impedit
880 1750 889 1775 ;

74 1785 373 1829 Succederentque
389 1796 476 1818 mox
492 1786 566 1819 aliae
582 1786 749 1820 famelicae
764 1813 773 1827 ,

75 1833 177 1876 Quae‚
189 1834 276 1868 mihi
287 1835 383 1880 quod
391 1834 566 1878 reliquum
575 1835 754 1881 sanguinis
765 1834 811 1870 est
822 1861 832 1877 ,
841 1835 1066 1882 exsugerent.

193 920 218 945 -Q
