1225 2367
1184 0 1215 34 ‘vl

167 146 260 199 330
325 138 992 183 FAB,AEsoPIAflUM
1154 148 1160 162 “

172 218 1136 266 ὢξεὲὲὲῗὲέ-Ξξω

364 296 395 339 F
437 297 479 340 A
524 295 557 340 B
603 295 648 340 U
692 296 728 340 L
769 294 809 339 A
889 295 952 341 X.
1082 323 1097 343 ι

181 379 372 445 Rusticus
384 413 398 437 ‚
417 378 509 437 ejus
520 379 682 431 Filius,
701 376 744 423 6·
763 377 943 439 ejusdem
954 379 1141 441 Afillus.

221 468 251 490 ,Γ

165 467 226 542 η]
256 519 278 543 Ε
290 520 316 543 N
327 519 353 543 A
366 520 386 543 L
397 519 420 543 E
431 519 465 543 M
481 510 636 544 Asellum
649 509 813 544 nundinis
827 520 1008 554 exponere

165 558 319 601 Quidam
333 558 495 592 statuerat
510 559 669 593 Rusticus
679 585 689 601 ‚
704 560 811 592 senex
827 558 969 602 quidem
981 585 991 600 ,

164 609 211 640 At
227 608 361 641 viribus
379 609 488 641 adhuc
503 608 648 653 integris
666 621 673 641 :
693 619 813 641 natum
825 617 932 641 vocat

164 655 183 691 J
188 667 244 689 am
261 658 425 701 grandem
443 658 476 691 &
489 668 600 690 annos
614 656 804 690 affecutum
820 655 1021 700 quindecim

166 704 319 738 Circiter
332 718 339 738 :
355 706 480 738 habere
496 707 588 738 hunc
598 731 607 745 ‚
623 705 683 749 qui
696 705 742 738 sit
756 704 895 746 adjutor
909 705 977 739 sibi
988 730 998 746 ,

166 752 256 786 'Vult
270 754 403 786 socium
419 765 428 791 ·,
444 754 478 787 ὅ(
492 753 609 786 omnis
626 753 767 786 consilii
785 753 836 786 sui
852 753 933 786 facit

167 800 394 845 Participem.
409 802 459 835 Ut
473 811 588 835 autem
605 800 712 846 paule>
728 801 874 835 nitidior
887 812 993 845 pecus
1005 827 1015 842 ‚

166 848 276 883 Paulo
295 850 328 883 δε
343 850 508 894 vegetior
523 851 685 883 adveniat
701 850 918 894 emptoribus
934 875 946 892 ,

167 897 351 931 Existimat
364 898 431 932 effe
445 900 696 943 deportandam
710 898 854 932 scilicet.

167 946 353 991 Postquam
371 959 455 992 ergo
471 959 549 981 eam
565 947 682 993 coegit
695 947 883 980 attonitam
896 946 974 981 solo

167 995 388 1029 Decumbere
401 1022 409 1037 ‚
426 996 517 1029 inter
529 1023 538 1037 ‚
554 997 637 1030 fune
654 995 858 1030 constriCtos
869 1021 878 1036 ‚
893 997 1000 1040 pedes

168 1043 404 1089 Validamque
418 1056 669 1089 proceramque
685 1044 891 1078 transmittit
906 1044 1024 1078 sudem
1038 1057 1049 1080 z

167 1092 364 1126 Admonito
382 1094 504 1126 deinde
518 1093 594 1127 filio
606 1119 615 1134 ‚
628 1103 668 1126 ut
683 1104 789 1137 opem
805 1093 984 1132 conferat3

172 1141 332 1174 Connixi
350 1142 478 1185 pariter
493 1143 597 1175 ambo
612 1142 784 1185 pensilem
798 1140 949 1175 efferunt
963 1167 973 1183 ‚

172 1188 379 1235 Geruntque
392 1216 402 1230 ,
417 1190 531 1223 veluti
544 1192 738 1235 lampadem
753 1189 1001 1235 crystallinam.

172 1238 286 1272 Tollit
300 1238 509 1271 cachinnum
520 1265 528 1279 ‚
544 1240 677 1284 primus
694 1239 775 1271 illos
792 1238 854 1283 qui
866 1239 964 1272 videt
978 1250 989 1276 3

170 1287 214 1320 Et
228 1313 238 1328 ‚
255 1288 390 1321 Ludum
402 1313 410 1328 ,
428 1288 558 1331 opinor
569 1314 578 1330 ,
594 1286 770 1332 quaeritis,
787 1287 856 1328 ait,
870 1298 892 1320 o
909 1287 994 1320 boni
1009 1313 1030 1329 ‚.

170 1336 344 1380 Lepidum
360 1336 526 1370 exhibere
540 1350 547 1370 :
568 1348 631 1370 nec
648 1335 738 1375 male
753 1336 858 1369 vobis
875 1335 1046 1370 convenit

170 1384 358 1428 Bipedibus
373 1396 452 1418 cum
467 1387 686 1429 quadrupede
701 1397 710 1423 ·,
727 1396 789 1418 nec
806 1385 895 1418 asini
908 1385 1018 1430 magis
1032 1409 1044 1426 ,

171 1433 289 1476 Quam
303 1445 370 1466 vos
382 1460 392 1474 ,
405 1434 545 1469 videtur
561 1435 621 1468 ille
636 1434 760 1479 dignus
777 1433 935 1473 nomine.

171 1481 366 1515 Destric’ms
381 1483 451 1517 acri
468 1483 631 1517 irrisione
646 1481 805 1515 Rusticus
815 1508 825 1521 ,

171 1530 339 1575 Agnoscit
354 1542 392 1563 ac
405 1532 565 1563 emendat
579 1542 733 1564 errorem
750 1531 868 1568 suum3

171 1578 383 1622 Vinclisque
397 1578 568 1612 dissolutis
583 1580 837 1623 quadrupedem
852 1578 949 1620 iubet

171 1627 335 1660 Incedere
351 1640 358 1660 :
374 1627 450 1672 ipse
467 1627 686 1672 subsequitur
702 1639 779 1661 curn
797 1627 887 1661 filio.

173 1675 268 1708 Mox
285 1674 413 1708 obvius
430 1687 578 1721 nugator
593 1678 764 1710 exclamat
781 1677 928 1710 :Novus

173 1724 217 1757 Et
231 1723 416 1769 singularis
430 1724 489 1757 iste
504 1736 581 1758 mos
596 1737 640 1758 an
655 1724 724 1766 jam
738 1725 873 1758 obtinet
883 1750 893 1765 ‚

174 1772 330 1807 Laffetur
343 1783 380 1806 ut
397 1773 510 1806 Herus
522 1799 531 1815 ,
546 1774 733 1808 commode
749 1773 879 1806 Asinus
896 1773 1074 1809 ambulet?

176 1821 244 1854 Sed
261 1821 319 1855 illa
335 1821 426 1855 forte
444 1822 515 1855 sola
530 1834 598 1856 vos
615 1822 809 1867 benignitas
821 1848 830 1862 ,

177 1870 295 1910 Quam
312 1869 446 1913 praestat
458 1872 551 1904 ultro
569 1871 716 1915 quisque
733 1870 905 1904 similibus
922 1868 992 1909 sui,

178 1917 308 1953 Movet
322 1929 361 1953 ut
376 1919 483 1965 agatis
501 1930 581 1955 cum
594 1920 726 1964 pecude
740 1929 812 1955 tam
824 1917 1033 1953 humaniter.
