1225 2367
191 122 292 183 ‘336
360 121 507 166 ΓΑΒ.
541 119 1021 167 AEsoPIARvM

192 203 330 247 Diripit
347 204 381 237 &
397 204 512 237 abolet
528 214 634 237 omne
649 214 739 247 opus
755 202 964 237 textorium.

193 251 308 296 Prope
324 252 406 285 hinc
423 253 522 285 suum
538 252 597 285 ina
613 263 658 285 ex
671 254 800 297 angulo
817 252 981 285 damnum
997 250 1095 286 videt

191 301 353 334 Attonita
366 327 374 342 ‚
391 302 590 345 perturbata
605 314 612 334 :
632 312 706 334 non
726 301 884 334 animum
900 310 1020 336 tamen

190 349 398 393 Despondet
409 376 417 390 ‚
434 350 545 383 immo
562 349 676 382 rursus
691 374 702 390 ,
716 349 892 393 etiamque
906 349 1017 383 acriiss

191 398 342 431 Laborat
356 425 363 438 ‚
383 399 416 431 &
433 409 527 431 nova
543 397 602 431 fila
619 398 712 431 ducit
725 423 734 439 ‚
749 399 783 431 ὅ(
798 408 916 431 novos

190 446 239 479 Ex
247 447 358 479 tendit
372 472 380 486 ,
398 446 626 491 implicatque
647 457 758 480 nexus
774 446 931 481 textiles.

189 495 208 529 J
213 495 368 528 aeturam
384 496 541 529 eamdem
555 506 699 539 experta
714 496 773 529 sed
787 494 951 539 postridie
961 520 973 538 ,

190 544 363 577 Decrevit
377 545 470 577 aliud
487 556 641 589 quaerere
655 543 850 589 hospitium
865 543 932 577 sibi
942 555 955 582 ·‚

188 593 231 625 Et
249 594 288 625 ad
306 593 468 638 Podagrae
484 593 662 638 tugurium
679 593 713 626 se
729 592 892 626 contulit.

188 642 269 674 Sese
285 642 344 675 illa
360 642 550 676 nervosum
564 642 756 675 insinuarat
771 642 808 675 in
821 641 947 685 pedem

188 690 451 734 Inopiscoloni
465 717 474 732 ‚
491 700 611 724 contra
624 691 658 724 se
675 689 823 723 minime
839 690 968 724 timens
982 693 995 731 ‚'

187 739 241 772 Ne
259 739 364 772 ullius
381 750 440 773 aut
457 739 625 772 Podalirii
642 749 700 772 aut
716 738 926 772 Machaonis

187 789 454 821 Conduceretur
468 799 585 831 opera.
603 788 728 821 Nullus
742 787 789 820 est
802 787 944 831 quidem

185 835 349 870 Medicus
365 847 514 870 vocatus
534 850 541 870 ε
556 848 646 881 aeger
661 845 696 869 at
712 835 867 869 medicus
882 835 950 869 sibi

185 884 262 918 Efl'e
278 885 352 929 ipse
364 886 483 918 voluit
494 912 502 927 ‚
517 886 611 918 rudis
628 885 661 918 &
674 884 835 918 indoetus
850 883 961 923 licet3

184 932 307 978 quue
323 934 495 967 medicina
511 933 687 967 efficacior
701 933 780 967 fuit.

185 982 354 1027 Properat
368 983 405 1015 in
422 994 540 1028 agrum
552 1009 561 1023 ‚
577 983 649 1016 sole
664 982 730 1015 vix
743 991 824 1015 orto
838 993 850 1020 ⁶,
865 981 966 1028 gravi

185 1031 321 1076 Ligone
338 1033 454 1076 glebas
471 1031 616 1077 frangit,
635 1032 669 1065 &
682 1031 809 1076 subigit
825 1031 938 1064 solum
953 1056 964 1072 ‚

183 1080 226 1112 Et
240 1081 335 1114 sudat
346 1107 354 1122 ‚
373 1082 406 1114 ὅ(
422 1081 572 1121 laborat,
592 1079 696 1125 quiim
711 1081 818 1125 longa
832 1078 881 1112 est
894 1080 983 1113 dies.
1220 1122 1221 1125 Ἴ

231 1130 403 1162 Araneam
420 1129 525 1174 igitur
539 1128 738 1173 exspestare
754 1127 914 1173 oportuit
925 1153 935 1169 ,
1218 1130 1221 1176 J

183 1179 244 1211 Sol
263 1180 342 1211 dum
359 1177 536 1211 occidiss'et
547 1204 556 1219 ‚
571 1188 610 1211 ut
626 1177 780 1223 Podagra
795 1176 878 1210 effet
893 1177 1003 1210 redux
1018 1188 1030 1210 ε

180 1227 299 1269 Quam
313 1227 392 1260 cum
410 1227 546 1260 videret
559 1226 708 1260 debilem
723 1252 732 1265 ,
746 1224 924 1260 exstinffls
940 1234 1053 1269 prope

182 1276 328 1308 ’Viribus
340 1303 348 1316 ‚
366 1277 399 1309 &
417 1276 542 1309 odioso
562 1286 607 1308 ex
622 1276 741 1308 labore
756 1274 978 1319 languidam,

179 1324 346 1368 Speravit
362 1326 455 1358 uYtro
470 1325 786 1368 obtemperaturam
803 1324 879 1357 fore
893 1348 905 1366 ,

178 1374 419 1407 Mutationem
436 1373 540 1406 sortis
555 1373 585 1406 si
603 1382 830 1417 proponeret.

179 1424 271 1467 Ergo
290 1433 390 1467 rogat
401 1449 409 1463 ‚
425 1433 443 1455 a
459 1423 492 1455 se
507 1421 686 1455 derelieffls
703 1433 747 1454 an
761 1420 850 1454 velit

179 1471 284 1504 AEdes
301 1472 453 1504 habitare
470 1471 631 1514 deinceps
646 1483 654 1503 :
670 1471 743 1515 Ego
756 1468 845 1503 vero
858 1494 866 1510 ,
883 1480 924 1502 ac
937 1469 1087 1511 lubensg

179 1521 382 1564 Respondet
398 1520 457 1552 illa
472 1532 480 1553 :
496 1529 529 1552 at
545 1519 606 1552 ista
617 1544 626 1559 ,
641 1529 745 1562 quam
763 1518 1021 1561 contempseras
1034 1543 1045 1559 ‚

178 1570 273 1602 Num
289 1570 353 1601 tibi
368 1568 528 1602 vicissim
542 1567 677 1600 sordida
693 1569 807 1612 placet
822 1566 890 1608 jam
906 1566 982 1600 casa
1000 1568 1014 1602 ἒ

177 1620 313 1651 Aranea
328 1617 430 1650 refert
445 1629 452 1650 :
471 1616 589 1661 Digna
604 1616 633 1649 si
649 1615 741 1650 fort'e
755 1616 801 1648 est
814 1615 929 1649 minus

176 1667 267 1710 Quae
283 1668 432 1710 placeat,
450 1675 570 1710 aptum
585 1664 676 1698 certe
690 1664 863 1709 refugium
876 1663 983 1698 dabit.

227 1716 282 1749 Sic
296 1715 392 1759 paria
405 1714 570 1757 utrinque
588 1713 735 1747 consilia
751 1713 933 1757 postquam
947 1710 1029 1747 satis

176 1766 410 1797 Innotuerunt
423 1789 432 1802 ,
450 1762 487 1795 in
502 1774 579 1796 casa
595 1763 709 1795 sedem
725 1761 793 1795 sibi

175 1813 359 1858 Propriam
376 1812 523 1856 capessit
538 1814 670 1844 Aranea
684 1824 692 1845 :
708 1812 764 1843 hic
777 1810 835 1844 sua
849 1809 958 1845 libere

177 1862 334 1906 Lateque
351 1862 461 1895 tendit
477 1860 534 1894 fila
548 1886 558 1901 ‚
572 1871 636 1894 nec
651 1860 773 1904 scopas
788 1859 903 1896 timet.

177 1911 224 1944 At
241 1911 395 1960 Podagra
406 1909 526 1946 furtim
541 1910 737 1948 cubiculum
753 1908 873 1954 palatii

978 1956 1164 2000 Quoddam
1183 1956 1186 1962 '
