1225 2367
164 78 261 136 ‘304
327 70 478 116 ΓΑΒ.
511 70 993 117 AESOPIARUM

355 239 386 283 F
421 237 461 282 A
497 238 530 283 B
567 238 611 283 U
647 239 682 283 L
717 237 757 282 A
848 240 892 285 V
926 240 959 284 Ι.

451 336 623 394 Apelles
650 332 693 379 δ’
718 337 865 382 Sutor.

169 166 198 192 <3

161 405 275 484 DI
288 457 308 482 c
321 458 335 482 1
347 458 371 482 T
382 457 409 482 U
423 457 448 482 R
463 449 604 494 Apelles
616 475 624 489 ‚
639 449 791 483 tabulam
805 448 866 483 ubi
879 449 1092 494 perfecerat,

162 499 328 532 Censurae
346 498 469 532 solitus
486 498 635 542 publicae
648 499 736 531 hanc
752 509 950 543 exponere,

161 547 243 582 Post
259 549 441 592 pergulam
457 547 529 591 ipse
547 547 624 581 cum
640 548 765 580 lateret
783 547 927 581 interim

161 597 328 630 Attentus
339 623 348 637 ‚
367 597 400 629 ὅ(
413 607 521 629 avens
536 597 621 629 scire
638 597 723 641 quid
737 596 815 640 quis
834 606 1003 641 carperet.

162 645 307 679 Morem
317 656 401 689 ergo
411 646 552 678 servans
562 646 656 678 hunc
666 646 766 679 suum
777 671 785 685 ‚
797 647 982 690 quamdam
992 643 1161 679 omnibus
1215 642 1216 651 ¹

161 694 439 728 Examinandarn
455 694 646 738 imaginem
661 694 790 738 piciam
807 695 900 728 dedit
918 720 928 736 ‚

162 743 244 785 Qua
259 744 427 777 delicatos
444 743 592 787 crepidis
610 743 767 776 indutam
784 744 888 787 pedes

161 791 342 826 'Venerem
358 790 456 825 fuiffe
473 791 665 835 expressam
682 793 844 825 nonnulli
859 793 1000 827 volunt.

162 839 298 875 Judjcia
314 840 497 885 postquam
512 841 609 874 varia
622 840 805 873 variorum
821 841 930 875 audiit
941 867 951 883 ‚

162 890 323 923 Accessit
338 891 443 923 Sutor
456 917 465 931 ‚
482 891 543 935 qui
560 889 748 934 supercilio
764 890 862 934 gravi
877 916 887 931 ‚

162 939 378 983 Tetricoque
390 940 492 973 vultu
503 965 511 980 ‚
529 941 679 972 multum
695 939 736 972 de
752 939 910 973 censoria

163 987 358 1021 Severitate
375 988 527 1021 referens
541 1013 550 1029 ,
564 987 733 1029 judicium
751 999 893 1032 quoque

162 1037 381 1081 Expromere
398 1037 497 1070 suum
511 1037 646 1077 voluit,
665 1037 698 1069 &
716 1036 871 1081 crepidas
885 1047 1011 1070 notans

162 1085 371 1119 Damnavit.
390 1087 510 1119 Artem
527 1086 704 1129 propriam
724 1087 872 1130 quisque
888 1085 1015 1119 artifex

161 1135 365 1168 Censendus
383 1134 430 1167 est
447 1136 570 1168 callere
585 1161 594 1175 ‚
614 1135 646 1167 ὅ(
663 1134 851 1167 audiendus
869 1134 916 1168 est
930 1161 938 1175 ‚

162 1184 289 1217 Secum
306 1184 353 1217 ait
369 1184 510 1227 Apelles
526 1196 533 1216 z
549 1183 718 1227 quidquid
736 1194 889 1217 erratum
905 1181 994 1216 milii

163 1233 318 1266 Notatur
332 1234 400 1266 hac
414 1233 451 1265 in
466 1243 562 1276 parte
577 1258 591 1273 ⁷
603 1231 776 1276 corrigam
791 1232 916 1268 libens.

164 1281 212 1314 At
228 1281 286 1314 ille
298 1307 306 1322 ‚
325 1280 454 1315 merito
472 1281 532 1325 qui
546 1281 611 1314 sibi
627 1282 732 1314 Sutor
745 1282 859 1314 bonus

165 1330 296 1364 Forsan
311 1330 425 1363 videri
441 1340 597 1374 poterat,
614 1328 716 1363 stulte
731 1330 878 1364 credidit

164 1379 210 1412 Se
227 1378 322 1423 poffe
340 1380 381 1412 ad
397 1380 463 1412 alia
484 1378 668 1421 judicando
685 1379 861 1424 progredi.

165 1427 274 1471 Quod
290 1428 395 1461 simul
410 1429 550 1472 Apelles
567 1429 674 1462 sensit
685 1454 694 1468 ‚
707 1427 850 1472 indigne
869 1426 949 1460 tulit
965 1438 985 1465 ’,-

165 1476 209 1509 Et
226 1488 270 1509 ex
287 1478 415 1510 latebra
430 1478 610 1521 proferens
627 1475 743 1510 subito
760 1487 865 1520 caput
879 1488 886 1508 ε

161 1525 219 1559 Ne
237 1526 342 1558 Sutor
356 1553 364 1566 ‚
379 1526 514 1570 inquit,
532 1526 632 1569 supra
648 1525 823 1569 crepidam
838 1523 983 1567 judicet.

215 1574 271 1606 De
288 1574 479 1618 disciplinis
493 1573 765 1619 elegantioribus

167 1621 339 1657 Absurdus
353 1623 460 1658 etiam
476 1623 709 1669 grammatista
719 1622 860 1665 judicat.

635 1735 688 1788 ff
