1313 2367
232 122 288 152 12
387 108 542 153 ΓΑΒ.
575 106 1054 160 AESOPIARUM

225 188 406 232 Perspexit
422 189 578 223 animum
588 217 598 230 ‚
612 190 673 235 qui
688 192 822 225 dolosis
838 192 968 226 artibus

224 238 355 270 Deludi
366 264 375 278 ‚
391 239 424 270 δε
441 240 481 271 ad
497 238 628 283 flagitia
643 239 754 283 poffet
771 241 862 274 allici

223 285 276 319 Eo
293 287 425 320 facilitm
436 313 445 327 ‚
460 286 532 331 quo
549 288 658 332 magis
675 289 828 332 simplex
842 298 928 324 erat.

222 335 315 379 Ergo
331 337 496 368 monebat
512 337 601 379 sepe
614 362 623 376 ,
637 348 679 369 ne
693 337 810 371 socios
827 337 895 371 sibi

224 383 360 417 Habere
376 386 504 424 vellet,
518 395 557 417 ut
573 386 717 418 habebat
734 388 865 419 multos
883 385 988 420 nimis
999 412 1009 428 ‚

222 432 264 464 Et
281 434 392 472 hunc,
411 433 444 465 ἃ
460 433 560 465 illum
576 444 774 466 memorans
786 435 870 488 qui
886 434 1004 478 parilis
1022 433 1165 481 quidem

220 480 370 522 AEtati5,
385 492 417 514 at
436 493 509 514 non
525 481 644 525 parilis
662 481 874 516 innocentiae

218 529 323 563 Flore
340 530 524 564 eniterent.
540 530 671 575 Magna
687 542 765 564 curn
782 531 980 566 reverentia

221 578 385 612 Monitus
403 590 567 623 paternos
585 580 742 614 audiebat
760 579 853 614 filius
869 594 876 615 :

219 628 363 662 Atenim
375 655 383 668 ‚
397 628 577 672 inquiebat
587 655 596 669 ‚
610 638 684 662 tuta
701 629 819 662 omnia
836 630 939 664 times
950 639 1095 676 ‚patet-3

220 676 360 721 Eosque
377 678 469 711 certe
481 704 490 718 ,
505 689 584 711 cum
601 678 726 722 quibus
743 678 852 711 credis
868 679 956 712 mihi

220 724 459 759 Periculosum
478 726 567 760 inire
584 727 872 760 consuetudinem
887 753 896 768 ,

221 774 338 816 Quam
354 786 427 807 non
443 786 570 808 nocere
586 776 724 819 possint
736 801 744 816 ‚
758 777 847 809 haud
863 775 953 810 nosti
968 776 1049 811 satis
1063 788 1074 812 :

219 823 334 856 Immo
345 850 354 864 ‚
368 824 499 867 aliquid
514 823 583 867 ipsi
599 822 690 857 forte
707 824 737 857 si
753 824 993 859 contraxerint

219 871 440 906 Vitiositatis
451 899 461 913 ,
476 872 644 917 quidquid
659 872 695 905 id
710 873 814 907 fuerit
825 900 834 914 ‚
849 874 936 906 meis

217 919 346 961 Bonis,
361 921 409 954 ita
425 922 526 965 spero
537 948 547 962 ,
561 922 732 965 exemplis
749 922 1003 958 emendabitur.

218 969 293 1002 Nec
309 981 347 1003 ea
365 971 504 1014 quietus
521 970 646 1014 accipit
657 997 666 1011 ,
681 982 744 1004 nec
759 972 869 1005 adhuc
885 981 1003 1005 tamen

217 1017 326 1051 Ratus
344 1030 441 1063 pater
457 1020 592 1053 causam
608 1019 674 1052 effe
690 1031 751 1053 cur
766 1020 983 1062 succenseat,

218 1067 378 1101 Praestare
395 1068 512 1101 verbis
531 1070 626 1113 quod
642 1069 785 1113 nequit,
799 1080 910 1102 tentat
925 1070 1010 1105 dolo

217 1116 358 1149 Efficere
374 1116 410 1149 id
425 1117 625 1151 innocente.
643 1117 808 1150 Cistulam
824 1128 940 1161 parat,

216 1164 533 1209 Pulcherrimisque
547 1165 652 1198 Malis
669 1166 781 1198 aureis
798 1168 929 1209 replet,

216 1213 295 1247 Nisi
313 1213 408 1258 quod
423 1224 478 1247 tot
495 1214 583 1247 sanis
600 1214 735 1258 aliquot
751 1214 1007 1257 intermiscuit,

216 1263 307 1305 Quae
324 1263 435 1306 sparsa
452 1263 595 1296 maculis
611 1263 773 1296 intimam
789 1263 1025 1306 praenuntiant

216 1311 506 1356 Coi-ruptionem.
525 1312 608 1354 Quo
625 1311 715 1345 facto
726 1337 736 1352 ‚
749 1321 870 1345 natum
884 1322 991 1345 vocat
1003 1324 1015 1350 ·,

215 1361 258 1393 Et
274 1373 281 1393 :
299 1361 377 1394 Hoc
392 1362 472 1395 leve
483 1386 494 1400 ‚
506 1360 641 1404 inquit,
654 1360 781 1404 pignus
797 1361 884 1393 habe
902 1361 1032 1394 amoris
1047 1360 1134 1398 mei.

214 1409 402 1454 Laetusque
412 1420 622 1454 ‚kgijatusque
639 1408 764 1452 accipit
782 1410 914 1443 donum
929 1421 1040 1453 puer,

215 1458 309 1492 Mox
327 1459 359 1491 δε
375 1458 504 1491 sciendi
520 1458 665 1501 cupidus
676 1483 685 1498 ,
698 1458 821 1490 habeat
836 1468 919 1501 quas
936 1469 1045 1501 opes,

214 1508 312 1540 Dum
328 1506 466 1540 curiose
483 1517 641 1539 numerat
652 1532 663 1547 ,
675 1516 778 1549 atque
794 1506 971 1539 examinat
982 1532 991 1547 ‚

215 1555 374 1600 Repente
391 1557 514 1588 clamat
529 1568 537 1588 :
555 1555 634 1587 Heu
649 1558 656 1588 !
677 1554 760 1598 quid
775 1554 893 1598 egisti,
908 1565 1006 1598 pater
1019 1556 1036 1589 ἓ

216 1607 287 1638 Cur
302 1605 475 1638 insincera
491 1602 654 1637 miscuisti
669 1603 724 1636 his
740 1603 885 1647 integris
900 1605 913 1636 ?

213 1654 267 1686 Ne
284 1664 427 1697 querere
438 1678 448 1693 ‚
462 1651 513 1685 fili
528 1664 535 1684 :
554 1652 792 1696 integritatem
808 1663 894 1684 mox
910 1652 1007 1685 suam

215 1701 534 1735 Communicabunt
552 1711 631 1733 cum
648 1700 748 1734 malis
766 1711 842 1743 quae
859 1700 938 1733 sunt
953 1701 1059 1735 bona.

214 1751 312 1792 Quin
328 1750 438 1783 immo
450 1775 459 1790 ‚
472 1748 609 1790 subjicit
626 1749 684 1782 ille
696 1775 705 1789 ,
720 1760 796 1792 quae
812 1749 904 1782 bona
919 1749 998 1782 sunt
1013 1747 1146 1792 modt'>,'

212 1798 318 1832 Brevi
333 1801 506 1831 malorum
522 1799 612 1831 maia
627 1796 712 1831 fient
729 1797 907 1841 contagio.

211 1848 268 1880 Nil
288 1857 325 1880 tu
341 1847 446 1887 time,
461 1847 604 1890 inquam
615 1872 624 1887 ,
639 1857 717 1879 nate
734 1858 742 1884 ¹,
760 1847 817 1880 vel
834 1847 900 1879 hoc
916 1845 1004 1879 mihi
1020 1847 1175 1893 deniquev

209 1898 373 1932 Concede
383 1921 393 1940 ,
406 1906 444 1930 ut
460 1895 680 1941 experiamur
696 1906 801 1942 quem
815 1907 870 1932 res
887 1894 1025 1931 exitum
