1268 2361
183 150 411 197 LIBER
469 163 829 198 DECIMUS.
919 169 1007 215 219

979 245 1006 269 Β·

231 319 262 362 F
299 317 335 361 A
373 318 406 363 B
442 318 558 363 UvL
594 319 632 363 A
716 321 734 364 I
769 320 801 365 I.

414 413 617 474 Piscator.

27 483 113 562 R
125 536 148 560 Ε
159 536 182 560 T
195 536 209 560 1
222 536 247 560 Α
265 527 325 560 sub
342 538 444 560 amne
458 527 612 561 Piscator
627 529 856 572 praetenderat
870 542 879 564 :

27 575 121 610 Mox
137 587 243 609 omne
259 577 368 620 longo
382 577 543 609 verberat
558 587 666 610 conto
683 579 810 611 vadum
825 604 835 619 ,

28 623 219 669 Fundoque
235 624 376 668 penitus
393 635 493 658 moto
508 625 631 658 limum
648 625 805 671 dissipat.

28 671 208 715 Quaesivit
221 673 348 717 aliquis
360 699 368 714 ‚
386 675 602 716 perlucentes
619 684 722 707 antea

31 722 104 754 Cur
118 721 168 754 sic
184 722 340 766 liquores
354 721 548 754 reddidisset
562 722 738 756 turbidos:

29 769 77 802 Ni
92 769 241 803 facerem
252 796 262 811 ,
277 770 366 803 dixit
380 796 389 810 ,
404 781 534 803 vacuus
550 771 632 803 hinc
647 771 764 804 forsan
777 772 922 808 domum

29 817 200 862 Repetere
218 829 322 864 cogar
337 831 345 851 z
363 819 420 852 sed
435 819 543 862 opera
560 820 642 852 dum
658 819 709 853 sic
726 820 802 854 mea

28 866 206 907 Turbatur
222 867 334 900 amnis
346 893 354 908 ‚
368 867 521 911 piscibus
535 869 649 901 lucem
665 868 790 913 eripit,

0 849 4 987 s
29 912 72 949 In
85 915 171 948 retia
184 925 221 948 ut
237 915 289 948 illi
303 926 432 948 temere
449 917 604 959 palantes
618 927 730 952 ruant.

80 963 217 997 Fabella
233 965 402 1009 quosdam
420 964 547 1008 spectat
564 966 605 998 ad
621 965 716 999 cives
727 992 736 1007 ‚
751 967 875 1011 quibus

31 1011 61 1047 E
76 1013 283 1046 turbulentis
301 1013 400 1046 rebus
415 1013 563 1059 emergit
577 1015 725 1050 lucrum,

165 1110 540 1153 ,αξ-,ἐὴ
572 1109 889 1142 ἕξει-3.

220 1190 251 1233 F
282 1188 320 1232 A
358 1190 392 1234 B
432 1190 477 1234 U
514 1190 549 1235 L
583 1191 621 1234 A
701 1193 720 1236 Ι
756 1192 774 1236 Ι
805 1192 838 1236 Ι.

279 1283 379 1327 Rex
400 1284 438 1327 C’
458 1284 549 1327 ludi
567 1283 780 1349 AIagsser.

39 1355 111 1431 {a
125 1407 151 1432 U
165 1407 191 1431 D
206 1408 218 1431 1
237 1396 404 1442 Magistro
417 1397 495 1429 Rex
508 1395 644 1430 asinum
662 1399 884 1433 mandaverat

39 1445 294 1480 Mansuetiores
311 1447 526 1478 edocendum
542 1446 660 1479 literas
678 1472 687 1486 ‚

38 1494 221 1529 Pollicitus
236 1495 390 1538 amplum
406 1495 586 1527 collocatae
600 1494 785 1539 praemium

40 1542 169 1587 Operae
180 1569 190 1584 ,
207 1543 236 1576 si
252 1541 370 1584 fieret,
387 1543 483 1587 quod
496 1541 654 1584 jubebam
669 1543 724 1577 sin
741 1544 857 1578 minsis
871 1571 880 1587 ,

42 1591 179 1626 Graves
196 1590 349 1624 minatus
365 1602 500 1635 poenas.
516 1590 637 1625 Talem
654 1592 682 1625 is
700 1603 739 1625 ut
753 1593 851 1627 videt

40 1639 124 1673 Non
139 1639 235 1684 poffe
250 1641 363 1685 legem
377 1638 474 1679 rejici
489 1666 497 1681 ‚
510 1639 672 1680 injustam
688 1640 772 1674 licet
789 1668 798 1682 ‚

43 1687 86 1720 Se
102 1688 332 1732 praestiturum
349 1688 514 1731 spondet,
530 1690 626 1732 quod
640 1689 718 1722 Rex
731 1690 882 1734 expetit:

41 1735 110 1769 Sed
124 1736 259 1769 erudire
273 1736 414 1769 asellum
426 1761 435 1776 ,
447 1747 486 1770 ut
501 1736 549 1769 est
564 1748 671 1781 opera
684 1739 871 1773 admodum

43 1783 208 1817 Difficilis
224 1796 233 1822 ·,
248 1784 347 1818 annis
361 1784 581 1828 exspestetur
592 1795 632 1819 ut
647 1788 768 1820 decem
783 1813 793 1828 ‚

38 1831 142 1865 Dum
155 1843 209 1866 res
226 1834 268 1865 ad
283 1832 418 1866 exitum
434 1834 622 1867 adducatur
635 1861 644 1875 ‚
661 1835 838 1878 impetrat.

45 1879 179 1914 Amicis
194 1880 334 1914 interim
350 1880 461 1925 ipsius
479 1881 640 1915 miseram
655 1883 774 1916 vicem

46 1928 261 1963 Dolentibus
272 1955 281 1971 ‚
295 1929 356 1975 qui
371 1930 410 1965 se*
421 1940 545 1975 operae‘
553 1930 790 1976 inexplicabili
804 1958 815 1973 ‚

59 2001 62 2004 ›
757 1981 792 2015 K
814 1979 839 2023 ij
