1268 2361
152 109 324 154 LIBER
356 119 619 154 DECIMUS
647 120 932 165 QUARTUS.
972 122 1060 172 333

69 190 188 235 Copia
203 191 360 224 ciborum
376 216 384 232 ,
403 191 437 224 ὃ(
452 191 574 223 blanda
589 190 772 234 tempestas
789 191 896 225 simul

71 239 205 273 Invitet
220 241 286 273 huc
303 241 425 273 volare
442 238 515 283 quo
531 239 596 272 fert
612 239 765 284 impetus
781 252 789 273 ε

70 287 219 320 Tristem
236 299 319 333 ergo
331 314 340 329 ,
354 288 475 332 resque
490 288 739 332 praevidentem
757 287 898 333 longius

73 336 204 369 Vatem
221 337 424 381 relinquunt
440 348 449 373 3
469 337 502 369 ὃ(
519 336 641 380 pericli
658 337 741 381 quid
756 338 863 370 vehat

71 384 230 428 Tempus
246 385 400 418 futurum
413 410 421 425 ‚
440 385 596 428 cogitare
613 386 696 418 dum
711 385 857 425 timent,

73 433 284 475 Pascuntur,
302 433 520 466 obleetantur
531 459 540 474 ‚
556 433 713 479 garriunt
729 459 738 474 ‚
756 443 897 468 canunt.

73 482 211 515 Interea
226 492 392 526 properat
408 482 542 515 exoriri
559 482 721 515 cannabis
733 508 742 522 ‚

76 531 319 574 Campumque
333 530 402 572 jam
419 541 562 563 omnem
577 531 699 563 viridis
714 529 870 563 occuluit
885 529 997 576 seges,

74 578 425 622 Prospicit·l·1ii·undo
437 605 445 619 ‚
460 580 625 623 Avesquc
640 579 755 612 rursus
770 580 960 612 admonens
975 591 985 613 :

75 628 174 661 Dum
188 638 305 660 tenera
317 654 326 668 ‚
342 628 495 671 dumque
510 627 667 672 gramina
681 627 742 660 ista
756 627 833 660 sunt
845 628 956 660 adhuc

76 676 231 721 Exigua,
246 676 368 709 vellite
385 677 520 720 singula
536 702 544 716 ‚
563 676 696 720 inquit,
714 676 747 709 ὅ(
764 678 891 709 malam

76 725 225 758 Abolete
242 725 405 769 segetem.
423 725 490 757 Hic
507 723 707 767 obstrepunt
723 735 846 757 omnes
862 724 967 757 simul

79 773 343 807 Conviciantes.
362 774 407 806 At
423 784 535 806 meam
549 774 639 805 hanc
654 773 773 805 saltem
789 772 949 806 ultimam

78 822 371 856 Admonitionem
388 833 430 854 ne
442 847 450 862 ‚
466 821 580 866 inquit
592 847 601 863 ,
618 821 851 865 aspernemini
869 833 878 855 ι

79 870 205 904 Statim
218 881 256 904 ac
269 871 381 914 parari
400 871 433 904 &
450 869 570 903 instrui
585 869 748 903 videbitis

81 918 266 963 Caffesque
283 918 505 963 perfidosque
521 920 728 963 laqueorum
745 920 846 952 dolos
858 945 868 959 ‚

80 968 189 1010 Quod
205 969 238 1000 &
254 967 326 1012 ipsa
342 967 447 1001 vobis
463 967 539 1000 esca
554 967 760 1001 monstrabit
776 968 855 1000 satis
866 993 877 1009 ,

81 1016 270 1060 Benignius
286 1015 440 1060 projesta
455 1028 464 1054 3
481 1026 562 1049 tunc
575 1016 727 1049 absistite

80 1065 162 1098 Huc
179 1064 309 1108 passim
323 1065 356 1098 &
369 1065 453 1098 illuc
471 1066 671 1110 pervagari,
688 1076 725 1098 ut
743 1074 842 1099 antea
856 1076 867 1102 3

82 1114 150 1146 Sed
165 1113 203 1146 in
214 1113 361 1146 remotis
377 1114 555 1147 continete
569 1125 636 1148 vos
650 1114 751 1148 locis.

81 1163 158 1195 Nos
178 1161 260 1194 hine
276 1162 417 1206 quidem
432 1162 615 1196 didicimus
630 1163 667 1195 in
681 1163 763 1195 alias
780 1162 905 1206 procul

83 1210 274 1244 Abscedere
290 1211 409 1254 plagas
427 1223 434 1244 :
452 1210 576 1243 verum
593 1212 634 1243 ad
650 1211 718 1243 hoc
734 1212 829 1244 bono
846 1210 893 1244 est
909 1220 1000 1254 opus

84 1258 249 1304 Remigio
265 1259 395 1292 alarum
407 1285 416 1300 ‚
433 1260 534 1303 quale
550 1258 671 1303 paucis
690 1259 829 1304 obtigit.

85 1307 275 1341 Prudenter
290 1308 538 1340 admonentem
554 1308 641 1340 ferre
658 1319 730 1341 non
746 1306 859 1351 potest

87 1355 186 1389 Gens
202 1355 369 1389 obstinata
385 1357 478 1388 hunc
491 1356 598 1400 usque
613 1357 759 1390 vivendi
774 1357 919 1390 modum

87 1405 233 1437 Servare
244 1430 253 1445 ,
271 1404 331 1448 qui
346 1405 463 1437 levem
479 1415 568 1437 unus
585 1406 739 1438 indolem
753 1405 848 1444 juvat
863 1416 874 1438 :

88 1452 334 1486 Tumultuosis
350 1463 560 1497 concrepant
574 1454 814 1499 cIangorinus3

90 1500 378 1546 Caffandramque
392 1512 523 1534 novam
539 1513 618 1535 cum
631 1502 700 1535 suis
719 1500 869 1536 oraculis
912 1499 915 1501 ⁴

90 1551 225 1595 Fugam
239 1575 250 1591 ,
267 1550 301 1583 δε
316 1550 545 1595 insequuntur
562 1552 790 1585 contumelia.

91 1598 176 1641 Quo
193 1597 341 1642 denique
355 1609 470 1632 autem
484 1610 537 1632 res
551 1600 638 1633 redit
655 1601 668 1634 ἓ
685 1602 779 1634 Aves
793 1598 974 1644 plurimaeg

92 1646 236 1690 Laqueo
250 1656 392 1680 retentae
403 1672 412 1687 ‚
430 1648 663 1682 Huundinem
677 1649 902 1682 verissimam

93 1694 205 1728 Fuisse
221 1705 339 1728 vatem
353 1721 363 1736 ‚
378 1696 480 1739 plan'e
491 1722 501 1737 ,
516 1696 573 1729 sed
588 1695 664 1731 se'ro
677 1724 686 1738 ‚
702 1697 835 1731 vident.

143 1743 308 1777 Praedicta
321 1743 430 1777 stultis
444 1745 622 1778 calamitas
635 1746 880 1779 tantummodo

96 1790 215 1825 Fidem
229 1791 333 1834 facit,
346 1792 407 1826 ubi
421 1791 490 1836 jam
503 1794 698 1837 propulsari
710 1794 847 1839 nequit.
