<?xml version="1.0" encoding="UTF-8"?>
<!DOCTYPE html PUBLIC "-//W3C//DTD XHTML 1.0 Transitional//EN"
    "http://www.w3.org/TR/xhtml1/DTD/xhtml1-transitional.dtd">
<html xmlns="http://www.w3.org/1999/xhtml" xml:lang="en" lang="en">
 <head>
  <title>
</title>
<meta http-equiv="Content-Type" content="text/html;charset=utf-8" />
  <meta name='ocr-system' content='tesseract 3.04.00' />
  <meta name='ocr-capabilities' content='ocr_page ocr_carea ocr_par ocr_line ocrx_word'/>
</head>
<body>
  <div class='ocr_page' id='page_1' title='image "./fabulaeaesopiaec00desbuoft_0254.png"; bbox 0 0 1225 2367; ppageno 0'>
   <div class='ocr_carea' id='block_1_1' title="bbox 200 118 1017 165">
    <p class='ocr_par' dir='ltr' id='par_1_1' title="bbox 200 118 1017 165">
     <span class='ocr_line' id='line_1_1' title="bbox 200 118 1017 165; baseline -0.004 0"><span class='ocrx_word' id='word_1_1' title='bbox 200 133 290 165; x_wconf 86' lang='lat'>210</span> <span class='ocrx_word' id='word_1_2' title='bbox 358 120 509 163; x_wconf 68' lang='grc' dir='ltr'><em>ΓΑΒ.</em></span> <span class='ocrx_word' id='word_1_3' title='bbox 545 118 1017 164; x_wconf 68' lang='lat' dir='ltr'><strong><em>AEsoPIARUM</em></strong></span> 
     </span>
    </p>
   </div>
   <div class='ocr_carea' id='block_1_2' title="bbox 202 215 341 240">
    <p class='ocr_par' dir='ltr' id='par_1_2' title="bbox 202 215 341 240">
     <span class='ocr_line' id='line_1_2' title="bbox 202 215 341 240; baseline 0 -6"><span class='ocrx_word' id='word_1_4' title='bbox 202 215 341 240; x_wconf 52' lang='grc' dir='ltr'>«ες-Ξ,</span> 
     </span>
    </p>
   </div>
   <div class='ocr_carea' id='block_1_3' title="bbox 344 207 631 224">
    <p class='ocr_par' dir='ltr' id='par_1_3' title="bbox 344 207 631 224">
     <span class='ocr_line' id='line_1_3' title="bbox 344 207 631 224; baseline 0 2143"><span class='ocrx_word' id='word_1_5' title='bbox 344 207 631 224; x_wconf 95' lang='lat' dir='ltr'> </span> 
     </span>
    </p>
   </div>
   <div class='ocr_carea' id='block_1_4' title="bbox 736 206 1024 226">
    <p class='ocr_par' dir='ltr' id='par_1_4' title="bbox 736 206 1024 226">
     <span class='ocr_line' id='line_1_4' title="bbox 736 206 1024 226; baseline 0 2141"><span class='ocrx_word' id='word_1_6' title='bbox 736 206 1024 226; x_wconf 95' lang='lat' dir='ltr'> </span> 
     </span>
    </p>
   </div>
   <div class='ocr_carea' id='block_1_5' title="bbox 1028 210 1165 237">
    <p class='ocr_par' dir='ltr' id='par_1_5' title="bbox 1028 210 1165 237">
     <span class='ocr_line' id='line_1_5' title="bbox 1028 210 1165 237; baseline 0 -3"><span class='ocrx_word' id='word_1_7' title='bbox 1028 210 1165 237; x_wconf 63' lang='lat'>=&gt;</span> 
     </span>
    </p>
   </div>
   <div class='ocr_carea' id='block_1_6' title="bbox 345 199 1024 441">
    <p class='ocr_par' dir='ltr' id='par_1_6' title="bbox 345 199 1024 441">
     <span class='ocr_line' id='line_1_6' title="bbox 345 199 1024 247; baseline 0.001 -12"><span class='ocrx_word' id='word_1_8' title='bbox 345 199 1024 247; x_wconf 33' lang='grc' dir='ltr'>ῌ-ῂ--ᾱῖῑρ--ψ</span> 
     </span>
     <span class='ocr_line' id='line_1_7' title="bbox 370 283 1004 331; baseline 0 0"><span class='ocrx_word' id='word_1_9' title='bbox 370 287 400 331; x_wconf 88' lang='lat' dir='ltr'>F</span> <span class='ocrx_word' id='word_1_10' title='bbox 421 287 462 331; x_wconf 93' lang='lat' dir='ltr'><strong>A</strong></span> <span class='ocrx_word' id='word_1_11' title='bbox 486 286 518 331; x_wconf 91' lang='lat' dir='ltr'><strong>B</strong></span> <span class='ocrx_word' id='word_1_12' title='bbox 543 286 588 330; x_wconf 91' lang='lat' dir='ltr'><strong>U</strong></span> <span class='ocrx_word' id='word_1_13' title='bbox 610 286 645 330; x_wconf 91' lang='lat' dir='ltr'>L</span> <span class='ocrx_word' id='word_1_14' title='bbox 666 286 707 331; x_wconf 95' lang='lat' dir='ltr'><strong>A</strong></span> <span class='ocrx_word' id='word_1_15' title='bbox 773 283 819 330; x_wconf 91' lang='lat' dir='ltr'>X</span> <span class='ocrx_word' id='word_1_16' title='bbox 840 283 886 330; x_wconf 91' lang='lat' dir='ltr'>X</span> <span class='ocrx_word' id='word_1_17' title='bbox 906 283 953 330; x_wconf 91' lang='lat' dir='ltr'>X</span> <span class='ocrx_word' id='word_1_18' title='bbox 972 285 1004 331; x_wconf 92' lang='grc' dir='ltr'>Ῑ.</span> 
     </span>
     <span class='ocr_line' id='line_1_8' title="bbox 433 379 939 441; baseline -0.002 -15"><span class='ocrx_word' id='word_1_19' title='bbox 433 382 645 441; x_wconf 80' lang='lat' dir='ltr'><em>Accipiter</em></span> <span class='ocrx_word' id='word_1_20' title='bbox 668 379 711 426; x_wconf 60' lang='grc' dir='ltr'><strong><em>ἃ</em></strong></span> <span class='ocrx_word' id='word_1_21' title='bbox 729 382 939 441; x_wconf 64' lang='lat' dir='ltr'><em>Luscinia.</em></span> 
     </span>
    </p>
   </div>
   <div class='ocr_carea' id='block_1_7' title="bbox 181 454 1118 930">
    <p class='ocr_par' dir='ltr' id='par_1_7' title="bbox 183 454 1118 828">
     <span class='ocr_line' id='line_1_9' title="bbox 195 454 1118 541; baseline 0.001 -12"><span class='ocrx_word' id='word_1_22' title='bbox 195 454 306 533; x_wconf 74' lang='lat' dir='ltr'>CA</span> <span class='ocrx_word' id='word_1_23' title='bbox 319 506 338 529; x_wconf 74' lang='grc' dir='ltr'>Ρ</span> <span class='ocrx_word' id='word_1_24' title='bbox 348 505 372 530; x_wconf 83' lang='grc' dir='ltr'><strong>τ</strong></span> <span class='ocrx_word' id='word_1_25' title='bbox 384 505 409 529; x_wconf 76' lang='grc' dir='ltr'><strong>Α</strong></span> <span class='ocrx_word' id='word_1_26' title='bbox 422 505 457 529; x_wconf 88' lang='grc' dir='ltr'><strong>Μ</strong></span> <span class='ocrx_word' id='word_1_27' title='bbox 471 496 612 529; x_wconf 84' lang='lat' dir='ltr'>tenebat</span> <span class='ocrx_word' id='word_1_28' title='bbox 628 494 711 529; x_wconf 81' lang='lat' dir='ltr'>diris</span> <span class='ocrx_word' id='word_1_29' title='bbox 727 494 926 528; x_wconf 87' lang='lat' dir='ltr'>Lusciniam</span> <span class='ocrx_word' id='word_1_30' title='bbox 942 495 1118 541; x_wconf 83' lang='lat' dir='ltr'>unguibus</span> 
     </span>
     <span class='ocr_line' id='line_1_10' title="bbox 186 542 901 589; baseline -0.001 -11"><span class='ocrx_word' id='word_1_31' title='bbox 186 544 376 589; x_wconf 77' lang='lat' dir='ltr'>Accipiter.</span> <span class='ocrx_word' id='word_1_32' title='bbox 394 546 478 578; x_wconf 78' lang='lat' dir='ltr'>Illa:</span> <span class='ocrx_word' id='word_1_33' title='bbox 495 545 532 577; x_wconf 87' lang='lat' dir='ltr'>Si</span> <span class='ocrx_word' id='word_1_34' title='bbox 549 555 604 577; x_wconf 88' lang='lat' dir='ltr'>me</span> <span class='ocrx_word' id='word_1_35' title='bbox 621 544 774 577; x_wconf 83' lang='lat' dir='ltr'>dimittas</span> <span class='ocrx_word' id='word_1_36' title='bbox 792 542 901 577; x_wconf 79' lang='lat' dir='ltr'>modo</span> 
     </span>
     <span class='ocr_line' id='line_1_11' title="bbox 186 592 1095 647; baseline -0.002 -20"><span class='ocrx_word' id='word_1_37' title='bbox 186 595 343 627; x_wconf 74' lang='lat' dir='ltr'>Fundam</span> <span class='ocrx_word' id='word_1_38' title='bbox 360 594 423 627; x_wconf 84' lang='lat' dir='ltr'>tibi</span> <span class='ocrx_word' id='word_1_39' title='bbox 440 595 552 626; x_wconf 84' lang='lat' dir='ltr'>melos</span> <span class='ocrx_word' id='word_1_40' title='bbox 572 603 677 636; x_wconf 81' lang='lat' dir='ltr'>quam</span> <span class='ocrx_word' id='word_1_41' title='bbox 690 602 818 647; x_wconf 80' lang='lat' dir='ltr'>potero</span> <span class='ocrx_word' id='word_1_42' title='bbox 831 592 1095 634; x_wconf 73' lang='lat' dir='ltr'>doffissimum,</span> 
     </span>
     <span class='ocr_line' id='line_1_12' title="bbox 186 640 981 686; baseline -0.001 -11"><span class='ocrx_word' id='word_1_43' title='bbox 186 641 537 685; x_wconf 77' lang='lat' dir='ltr'>suavissimumque,</span> <span class='ocrx_word' id='word_1_44' title='bbox 528 653 533 660; x_wconf 93' lang='lat'><strong>·</strong></span> <span class='ocrx_word' id='word_1_45' title='bbox 553 641 638 686; x_wconf 84' lang='lat' dir='ltr'><strong>quin</strong></span> <span class='ocrx_word' id='word_1_46' title='bbox 653 642 685 675; x_wconf 69' lang='grc' dir='ltr'>ὃ(</span> <span class='ocrx_word' id='word_1_47' title='bbox 700 640 861 685; x_wconf 78' lang='lat' dir='ltr'>experiar</span> <span class='ocrx_word' id='word_1_48' title='bbox 876 640 981 674; x_wconf 79' lang='lat' dir='ltr'>simul</span> 
     </span>
     <span class='ocr_line' id='line_1_13' title="bbox 186 686 841 724; baseline -0.002 -1"><span class='ocrx_word' id='word_1_49' title='bbox 186 686 334 724; x_wconf 81' lang='lat' dir='ltr'>eantare</span> <span class='ocrx_word' id='word_1_50' title='bbox 350 691 467 724; x_wconf 84' lang='lat' dir='ltr'>laudes</span> <span class='ocrx_word' id='word_1_51' title='bbox 483 691 516 723; x_wconf 71' lang='grc' dir='ltr'>δί</span> <span class='ocrx_word' id='word_1_52' title='bbox 532 690 603 723; x_wconf 80' lang='lat' dir='ltr'>mei</span> <span class='ocrx_word' id='word_1_53' title='bbox 619 688 841 723; x_wconf 79' lang='lat' dir='ltr'>clementiam</span> 
     </span>
     <span class='ocr_line' id='line_1_14' title="bbox 183 737 959 783; baseline -0.001 -12"><span class='ocrx_word' id='word_1_54' title='bbox 183 738 365 778; x_wconf 67' lang='lat' dir='ltr'>Vi&amp;oris‚</span> <span class='ocrx_word' id='word_1_55' title='bbox 382 738 508 783; x_wconf 82' lang='lat' dir='ltr'>inquit.</span> <span class='ocrx_word' id='word_1_56' title='bbox 524 741 569 772; x_wconf 85' lang='lat' dir='ltr'>At</span> <span class='ocrx_word' id='word_1_57' title='bbox 586 737 695 778; x_wconf 80' lang='lat' dir='ltr'><strong>mihi,</strong></span> <span class='ocrx_word' id='word_1_58' title='bbox 712 737 833 771; x_wconf 86' lang='lat' dir='ltr'>retulit</span> <span class='ocrx_word' id='word_1_59' title='bbox 848 738 938 771; x_wconf 83' lang='lat' dir='ltr'>latro</span> <span class='ocrx_word' id='word_1_60' title='bbox 950 762 959 779; x_wconf 89' lang='lat'>‚</span> 
     </span>
     <span class='ocr_line' id='line_1_15' title="bbox 184 785 948 828; baseline 0 -9"><span class='ocrx_word' id='word_1_61' title='bbox 184 787 268 820; x_wconf 84' lang='lat' dir='ltr'>Non</span> <span class='ocrx_word' id='word_1_62' title='bbox 283 787 419 821; x_wconf 87' lang='lat' dir='ltr'>auribus</span> <span class='ocrx_word' id='word_1_63' title='bbox 435 788 524 821; x_wconf 81' lang='lat' dir='ltr'>bene</span> <span class='ocrx_word' id='word_1_64' title='bbox 541 785 628 828; x_wconf 77' lang='lat' dir='ltr'>effe,</span> <span class='ocrx_word' id='word_1_65' title='bbox 645 787 702 820; x_wconf 86' lang='lat' dir='ltr'>sed</span> <span class='ocrx_word' id='word_1_66' title='bbox 717 785 835 820; x_wconf 82' lang='lat' dir='ltr'>ventri</span> <span class='ocrx_word' id='word_1_67' title='bbox 848 787 948 820; x_wconf 81' lang='lat' dir='ltr'>volo.</span> 
     </span>
    </p>

    <p class='ocr_par' dir='ltr' id='par_1_8' title="bbox 181 833 1102 930">
     <span class='ocr_line' id='line_1_16' title="bbox 234 833 1102 879; baseline -0.001 -10"><span class='ocrx_word' id='word_1_68' title='bbox 234 837 369 869; x_wconf 78' lang='lat' dir='ltr'>Canant</span> <span class='ocrx_word' id='word_1_69' title='bbox 385 835 502 870; x_wconf 74' lang='lat' dir='ltr'>Poetae</span> <span class='ocrx_word' id='word_1_70' title='bbox 517 848 527 873; x_wconf 85' lang='lat'>·‚</span> <span class='ocrx_word' id='word_1_71' title='bbox 544 844 579 869; x_wconf 86' lang='lat' dir='ltr'>at</span> <span class='ocrx_word' id='word_1_72' title='bbox 594 834 820 869; x_wconf 77' lang='lat' dir='ltr'>meminerint</span> <span class='ocrx_word' id='word_1_73' title='bbox 830 859 841 876; x_wconf 84' lang='lat'><strong>‚</strong></span> <span class='ocrx_word' id='word_1_74' title='bbox 856 835 1013 879; x_wconf 74' lang='lat' dir='ltr'>quaedam</span> <span class='ocrx_word' id='word_1_75' title='bbox 1029 833 1102 871; x_wconf 72' lang='lat' dir='ltr'>fera</span> 
     </span>
     <span class='ocr_line' id='line_1_17' title="bbox 181 883 887 930; baseline -0.001 -11"><span class='ocrx_word' id='word_1_76' title='bbox 181 883 326 930; x_wconf 74' lang='lat' dir='ltr'>Ingenia</span> <span class='ocrx_word' id='word_1_77' title='bbox 347 884 453 919; x_wconf 71' lang='lat' dir='ltr'>nullis</span> <span class='ocrx_word' id='word_1_78' title='bbox 470 883 601 919; x_wconf 76' lang='lat' dir='ltr'>artibus</span> <span class='ocrx_word' id='word_1_79' title='bbox 616 883 782 919; x_wconf 78' lang='lat' dir='ltr'><strong>humanis</strong></span> <span class='ocrx_word' id='word_1_80' title='bbox 797 883 887 929; x_wconf 84' lang='lat' dir='ltr'>capi.</span> 
     </span>
    </p>
   </div>
   <div class='ocr_carea' id='block_1_8' title="bbox 795 979 1022 989">
    <p class='ocr_par' dir='ltr' id='par_1_9' title="bbox 795 979 1022 989">
     <span class='ocr_line' id='line_1_18' title="bbox 795 979 1022 989; baseline 0 0"><span class='ocrx_word' id='word_1_81' title='bbox 795 979 1022 989; x_wconf 95' lang='lat' dir='ltr'> </span> 
     </span>
    </p>
   </div>
   <div class='ocr_carea' id='block_1_9' title="bbox 336 980 569 990">
    <p class='ocr_par' dir='ltr' id='par_1_10' title="bbox 336 980 569 990">
     <span class='ocr_line' id='line_1_19' title="bbox 336 980 569 990; baseline 0 1377"><span class='ocrx_word' id='word_1_82' title='bbox 336 980 569 990; x_wconf 95' lang='lat' dir='ltr'> </span> 
     </span>
    </p>
   </div>
   <div class='ocr_carea' id='block_1_10' title="bbox 310 962 1050 1007">
    <p class='ocr_par' dir='ltr' id='par_1_11' title="bbox 310 962 1050 1007">
     <span class='ocr_line' id='line_1_20' title="bbox 310 962 1050 1007; baseline 0 -6"><span class='ocrx_word' id='word_1_83' title='bbox 310 978 335 1002; x_wconf 69' lang='grc' dir='ltr'>ις</span> <span class='ocrx_word' id='word_1_84' title='bbox 350 994 417 998; x_wconf 66' lang='grc'>,-</span> <span class='ocrx_word' id='word_1_85' title='bbox 571 962 788 1007; x_wconf 46' lang='lat' dir='ltr'>&amp;iffi-effi</span> <span class='ocrx_word' id='word_1_86' title='bbox 809 993 819 996; x_wconf 83' lang='lat'><em>-</em></span> <span class='ocrx_word' id='word_1_87' title='bbox 1023 974 1050 1001; x_wconf 57' lang='grc' dir='ltr'><em>θ</em></span> 
     </span>
    </p>
   </div>
   <div class='ocr_carea' id='block_1_11' title="bbox 297 1047 1053 1209">
    <p class='ocr_par' dir='ltr' id='par_1_12' title="bbox 297 1047 1053 1209">
     <span class='ocr_line' id='line_1_21' title="bbox 297 1047 1053 1096; baseline 0 -2"><span class='ocrx_word' id='word_1_88' title='bbox 297 1049 458 1095; x_wconf 85' lang='lat' dir='ltr'>FAB</span> <span class='ocrx_word' id='word_1_89' title='bbox 497 1049 678 1094; x_wconf 88' lang='lat' dir='ltr'>ULA</span> <span class='ocrx_word' id='word_1_90' title='bbox 757 1047 1053 1096; x_wconf 89' lang='lat' dir='ltr'>XXXII.</span> 
     </span>
     <span class='ocr_line' id='line_1_22' title="bbox 358 1140 998 1209; baseline 0.005 -22"><span class='ocrx_word' id='word_1_91' title='bbox 358 1143 517 1198; x_wconf 79' lang='lat' dir='ltr'><em>Gutta,</em></span> <span class='ocrx_word' id='word_1_92' title='bbox 533 1144 717 1200; x_wconf 79' lang='lat' dir='ltr'>Pontus,</span> <span class='ocrx_word' id='word_1_93' title='bbox 736 1140 777 1188; x_wconf 63' lang='grc' dir='ltr'>ἃ</span> <span class='ocrx_word' id='word_1_94' title='bbox 797 1143 998 1209; x_wconf 81' lang='lat' dir='ltr'>ostreum.</span> 
     </span>
    </p>
   </div>
   <div class='ocr_carea' id='block_1_12' title="bbox 820 992 1021 997">
    <p class='ocr_par' dir='ltr' id='par_1_13' title="bbox 820 992 1021 997">
     <span class='ocr_line' id='line_1_23' title="bbox 820 992 1021 997; baseline 0 0"><span class='ocrx_word' id='word_1_95' title='bbox 820 992 1021 997; x_wconf 95' lang='lat' dir='ltr'> </span> 
     </span>
    </p>
   </div>
   <div class='ocr_carea' id='block_1_13' title="bbox 419 991 569 999">
    <p class='ocr_par' dir='ltr' id='par_1_14' title="bbox 419 991 569 999">
     <span class='ocr_line' id='line_1_24' title="bbox 419 991 569 999; baseline 0 0"><span class='ocrx_word' id='word_1_96' title='bbox 419 991 569 999; x_wconf 95' lang='lat' dir='ltr'> </span> 
     </span>
    </p>
   </div>
   <div class='ocr_carea' id='block_1_14' title="bbox 174 1215 1036 1884">
    <p class='ocr_par' dir='ltr' id='par_1_15' title="bbox 174 1215 1036 1836">
     <span class='ocr_line' id='line_1_25' title="bbox 186 1215 1036 1294; baseline 0.001 -1"><span class='ocrx_word' id='word_1_97' title='bbox 186 1215 344 1293; x_wconf 72' lang='lat' dir='ltr'>Cum</span> <span class='ocrx_word' id='word_1_98' title='bbox 361 1256 477 1290; x_wconf 86' lang='lat' dir='ltr'>tenuis</span> <span class='ocrx_word' id='word_1_99' title='bbox 493 1257 566 1290; x_wconf 78' lang='lat' dir='ltr'>alto</span> <span class='ocrx_word' id='word_1_100' title='bbox 583 1254 694 1290; x_wconf 87' lang='lat' dir='ltr'>Gutta</span> <span class='ocrx_word' id='word_1_101' title='bbox 710 1256 835 1290; x_wconf 84' lang='lat' dir='ltr'>cadens</span> <span class='ocrx_word' id='word_1_102' title='bbox 851 1257 894 1290; x_wconf 84' lang='lat' dir='ltr'>ab</span> <span class='ocrx_word' id='word_1_103' title='bbox 907 1258 1036 1294; x_wconf 86' lang='lat' dir='ltr'>aethere</span> 
     </span>
     <span class='ocr_line' id='line_1_26' title="bbox 176 1304 886 1340; baseline 0 -2"><span class='ocrx_word' id='word_1_104' title='bbox 176 1304 306 1340; x_wconf 73' lang='lat' dir='ltr'>vastos</span> <span class='ocrx_word' id='word_1_105' title='bbox 320 1308 569 1339; x_wconf 81' lang='lat' dir='ltr'>devolveretur</span> <span class='ocrx_word' id='word_1_106' title='bbox 586 1304 624 1338; x_wconf 84' lang='lat' dir='ltr'>in</span> <span class='ocrx_word' id='word_1_107' title='bbox 639 1304 745 1339; x_wconf 86' lang='lat' dir='ltr'>Ponti</span> <span class='ocrx_word' id='word_1_108' title='bbox 765 1305 862 1339; x_wconf 83' lang='lat' dir='ltr'>sinus</span> <span class='ocrx_word' id='word_1_109' title='bbox 878 1318 886 1339; x_wconf 73' lang='grc' dir='ltr'>ε</span> 
     </span>
     <span class='ocr_line' id='line_1_27' title="bbox 177 1353 1007 1401; baseline 0.002 -14"><span class='ocrx_word' id='word_1_110' title='bbox 177 1355 259 1387; x_wconf 79' lang='lat' dir='ltr'>Heu</span> <span class='ocrx_word' id='word_1_111' title='bbox 279 1359 285 1389; x_wconf 88' lang='lat'>!</span> <span class='ocrx_word' id='word_1_112' title='bbox 305 1356 456 1395; x_wconf 70' lang='lat' dir='ltr'>tantula,</span> <span class='ocrx_word' id='word_1_113' title='bbox 468 1354 604 1399; x_wconf 86' lang='lat' dir='ltr'>inquit,</span> <span class='ocrx_word' id='word_1_114' title='bbox 621 1364 726 1387; x_wconf 83' lang='lat' dir='ltr'>tantae</span> <span class='ocrx_word' id='word_1_115' title='bbox 741 1353 826 1398; x_wconf 87' lang='lat' dir='ltr'>quid</span> <span class='ocrx_word' id='word_1_116' title='bbox 841 1354 1007 1401; x_wconf 80' lang='lat' dir='ltr'>voragini</span> 
     </span>
     <span class='ocr_line' id='line_1_28' title="bbox 177 1402 917 1447; baseline 0.003 -12"><span class='ocrx_word' id='word_1_117' title='bbox 177 1402 338 1436; x_wconf 83' lang='lat' dir='ltr'>Prodeffe</span> <span class='ocrx_word' id='word_1_118' title='bbox 352 1403 489 1447; x_wconf 78' lang='lat' dir='ltr'>pofl‘um</span> <span class='ocrx_word' id='word_1_119' title='bbox 503 1429 513 1444; x_wconf 85' lang='lat'>,</span> <span class='ocrx_word' id='word_1_120' title='bbox 527 1403 643 1446; x_wconf 89' lang='lat' dir='ltr'>primo</span> <span class='ocrx_word' id='word_1_121' title='bbox 660 1402 768 1436; x_wconf 61' lang='lat' dir='ltr'><strong>fluQu</strong></span> <span class='ocrx_word' id='word_1_122' title='bbox 785 1403 917 1437; x_wconf 88' lang='lat' dir='ltr'>scilicet</span> 
     </span>
     <span class='ocr_line' id='line_1_29' title="bbox 175 1451 892 1492; baseline 0.003 -8"><span class='ocrx_word' id='word_1_123' title='bbox 175 1452 419 1485; x_wconf 83' lang='lat' dir='ltr'>Exhaurienda</span> <span class='ocrx_word' id='word_1_124' title='bbox 432 1479 440 1492; x_wconf 83' lang='lat'>‚</span> <span class='ocrx_word' id='word_1_125' title='bbox 460 1452 493 1484; x_wconf 70' lang='grc' dir='ltr'>ὃ(</span> <span class='ocrx_word' id='word_1_126' title='bbox 509 1451 692 1485; x_wconf 85' lang='lat' dir='ltr'>interitura</span> <span class='ocrx_word' id='word_1_127' title='bbox 706 1451 862 1485; x_wconf 85' lang='lat' dir='ltr'>funditus</span> <span class='ocrx_word' id='word_1_128' title='bbox 877 1454 892 1486; x_wconf 70' lang='grc' dir='ltr'><em>ἒ</em></span> 
     </span>
     <span class='ocr_line' id='line_1_30' title="bbox 175 1500 955 1544; baseline 0.003 -12"><span class='ocrx_word' id='word_1_129' title='bbox 175 1501 275 1532; x_wconf 89' lang='lat' dir='ltr'>Dum</span> <span class='ocrx_word' id='word_1_130' title='bbox 291 1501 341 1534; x_wconf 86' lang='lat' dir='ltr'>sic</span> <span class='ocrx_word' id='word_1_131' title='bbox 355 1501 489 1534; x_wconf 75' lang='lat' dir='ltr'>misella</span> <span class='ocrx_word' id='word_1_132' title='bbox 505 1500 670 1544; x_wconf 82' lang='lat' dir='ltr'>deprimit</span> <span class='ocrx_word' id='word_1_133' title='bbox 685 1500 815 1533; x_wconf 81' lang='lat' dir='ltr'>sortem</span> <span class='ocrx_word' id='word_1_134' title='bbox 832 1500 929 1534; x_wconf 79' lang='lat' dir='ltr'>suam</span> <span class='ocrx_word' id='word_1_135' title='bbox 943 1512 955 1539; x_wconf 92' lang='lat'>·,</span> 
     </span>
     <span class='ocr_line' id='line_1_31' title="bbox 175 1547 918 1583; baseline 0 -1"><span class='ocrx_word' id='word_1_136' title='bbox 175 1548 300 1582; x_wconf 81' lang='lat' dir='ltr'>Patulo</span> <span class='ocrx_word' id='word_1_137' title='bbox 318 1549 496 1583; x_wconf 80' lang='lat' dir='ltr'><strong>dehiscens</strong></span> <span class='ocrx_word' id='word_1_138' title='bbox 514 1559 575 1581; x_wconf 84' lang='lat' dir='ltr'>ore</span> <span class='ocrx_word' id='word_1_139' title='bbox 591 1548 736 1582; x_wconf 85' lang='lat' dir='ltr'>summis</span> <span class='ocrx_word' id='word_1_140' title='bbox 755 1547 918 1582; x_wconf 85' lang='lat' dir='ltr'>Ostreum</span> 
     </span>
     <span class='ocr_line' id='line_1_32' title="bbox 175 1597 999 1643; baseline 0.001 -13"><span class='ocrx_word' id='word_1_141' title='bbox 175 1597 330 1642; x_wconf 87' lang='lat' dir='ltr'>Emergit</span> <span class='ocrx_word' id='word_1_142' title='bbox 343 1597 444 1630; x_wconf 81' lang='lat' dir='ltr'>undis</span> <span class='ocrx_word' id='word_1_143' title='bbox 455 1623 464 1638; x_wconf 84' lang='lat'><em>‚</em></span> <span class='ocrx_word' id='word_1_144' title='bbox 478 1597 637 1640; x_wconf 87' lang='lat' dir='ltr'>hancque</span> <span class='ocrx_word' id='word_1_145' title='bbox 656 1597 826 1640; x_wconf 78' lang='lat' dir='ltr'>delapsam</span> <span class='ocrx_word' id='word_1_146' title='bbox 843 1597 977 1643; x_wconf 83' lang='lat' dir='ltr'>excipit</span> <span class='ocrx_word' id='word_1_147' title='bbox 987 1623 999 1640; x_wconf 82' lang='lat'>‚</span> 
     </span>
     <span class='ocr_line' id='line_1_33' title="bbox 174 1644 903 1690; baseline 0.003 -12"><span class='ocrx_word' id='word_1_148' title='bbox 174 1645 319 1679; x_wconf 79' lang='lat' dir='ltr'>Penitus</span> <span class='ocrx_word' id='word_1_149' title='bbox 333 1645 493 1679; x_wconf 84' lang='lat' dir='ltr'>recondit</span> <span class='ocrx_word' id='word_1_150' title='bbox 506 1671 514 1686; x_wconf 88' lang='lat'>‚</span> <span class='ocrx_word' id='word_1_151' title='bbox 532 1645 728 1678; x_wconf 83' lang='lat' dir='ltr'>induratam</span> <span class='ocrx_word' id='word_1_152' title='bbox 742 1644 881 1690; x_wconf 84' lang='lat' dir='ltr'>perficit</span> <span class='ocrx_word' id='word_1_153' title='bbox 895 1659 903 1680; x_wconf 91' lang='lat'><strong>:</strong></span> 
     </span>
     <span class='ocr_line' id='line_1_34' title="bbox 174 1693 972 1736; baseline 0.004 -10"><span class='ocrx_word' id='word_1_154' title='bbox 174 1694 265 1736; x_wconf 82' lang='lat' dir='ltr'>Quae</span> <span class='ocrx_word' id='word_1_155' title='bbox 282 1694 391 1728; x_wconf 80' lang='lat' dir='ltr'>Gutta</span> <span class='ocrx_word' id='word_1_156' title='bbox 403 1695 514 1727; x_wconf 81' lang='lat' dir='ltr'>fuerat</span> <span class='ocrx_word' id='word_1_157' title='bbox 530 1721 537 1734; x_wconf 89' lang='lat'>,</span> <span class='ocrx_word' id='word_1_158' title='bbox 556 1693 688 1727; x_wconf 81' lang='lat' dir='ltr'>exstitit</span> <span class='ocrx_word' id='word_1_159' title='bbox 704 1696 843 1727; x_wconf 83' lang='lat' dir='ltr'>demum</span> <span class='ocrx_word' id='word_1_160' title='bbox 858 1695 945 1729; x_wconf 83' lang='lat' dir='ltr'>unio</span> <span class='ocrx_word' id='word_1_161' title='bbox 960 1707 972 1734; x_wconf 86' lang='lat'>·‚</span> 
     </span>
     <span class='ocr_line' id='line_1_35' title="bbox 174 1742 874 1788; baseline 0.003 -13"><span class='ocrx_word' id='word_1_162' title='bbox 174 1743 227 1776; x_wconf 90' lang='lat' dir='ltr'>Ac</span> <span class='ocrx_word' id='word_1_163' title='bbox 242 1742 364 1776; x_wconf 84' lang='lat' dir='ltr'>deinde</span> <span class='ocrx_word' id='word_1_164' title='bbox 377 1742 524 1776; x_wconf 79' lang='lat' dir='ltr'>honoris</span> <span class='ocrx_word' id='word_1_165' title='bbox 542 1742 629 1775; x_wconf 84' lang='lat' dir='ltr'>illud</span> <span class='ocrx_word' id='word_1_166' title='bbox 645 1745 687 1776; x_wconf 88' lang='lat' dir='ltr'>ad</span> <span class='ocrx_word' id='word_1_167' title='bbox 703 1742 874 1788; x_wconf 82' lang='lat' dir='ltr'>fastigium</span> 
     </span>
     <span class='ocr_line' id='line_1_36' title="bbox 174 1791 870 1836; baseline 0 -11"><span class='ocrx_word' id='word_1_168' title='bbox 174 1791 324 1825; x_wconf 56' lang='lat' dir='ltr'>Evectus</span> <span class='ocrx_word' id='word_1_169' title='bbox 342 1791 389 1824; x_wconf 86' lang='lat' dir='ltr'>est</span> <span class='ocrx_word' id='word_1_170' title='bbox 401 1817 408 1831; x_wconf 85' lang='lat'>‚</span> <span class='ocrx_word' id='word_1_171' title='bbox 424 1802 462 1825; x_wconf 87' lang='lat' dir='ltr'>ut</span> <span class='ocrx_word' id='word_1_172' title='bbox 478 1791 583 1835; x_wconf 80' lang='lat' dir='ltr'>Regis</span> <span class='ocrx_word' id='word_1_173' title='bbox 601 1802 740 1825; x_wconf 77' lang='lat' dir='ltr'>ornaret</span> <span class='ocrx_word' id='word_1_174' title='bbox 755 1801 870 1836; x_wconf 75' lang='lat' dir='ltr'>caput.</span> 
     </span>
    </p>

    <p class='ocr_par' dir='ltr' id='par_1_16' title="bbox 223 1839 982 1884">
     <span class='ocr_line' id='line_1_37' title="bbox 223 1839 982 1884; baseline 0.003 -11"><span class='ocrx_word' id='word_1_175' title='bbox 223 1839 295 1884; x_wconf 80' lang='lat' dir='ltr'>Qui</span> <span class='ocrx_word' id='word_1_176' title='bbox 312 1839 346 1874; x_wconf 82' lang='lat' dir='ltr'>se</span> <span class='ocrx_word' id='word_1_177' title='bbox 362 1839 513 1874; x_wconf 77' lang='lat' dir='ltr'>fatentur</span> <span class='ocrx_word' id='word_1_178' title='bbox 527 1840 679 1874; x_wconf 78' lang='lat' dir='ltr'>humiles</span> <span class='ocrx_word' id='word_1_179' title='bbox 690 1866 700 1882; x_wconf 73' lang='lat'>‚</span> <span class='ocrx_word' id='word_1_180' title='bbox 714 1840 854 1874; x_wconf 69' lang='lat' dir='ltr'>extollit</span> <span class='ocrx_word' id='word_1_181' title='bbox 868 1841 982 1875; x_wconf 82' lang='lat' dir='ltr'>Deus.</span> 
     </span>
    </p>
   </div>
  </div>
 </body>
</html>
