<?xml version="1.0" encoding="UTF-8"?>
<!DOCTYPE html PUBLIC "-//W3C//DTD XHTML 1.0 Transitional//EN"
    "http://www.w3.org/TR/xhtml1/DTD/xhtml1-transitional.dtd">
<html xmlns="http://www.w3.org/1999/xhtml" xml:lang="en" lang="en">
 <head>
  <title>
</title>
<meta http-equiv="Content-Type" content="text/html;charset=utf-8" />
  <meta name='ocr-system' content='tesseract 3.04.00' />
  <meta name='ocr-capabilities' content='ocr_page ocr_carea ocr_par ocr_line ocrx_word'/>
</head>
<body>
  <div class='ocr_page' id='page_1' title='image "./fabulaeaesopiaec00desbuoft_0220.png"; bbox 0 0 1225 2367; ppageno 0'>
   <div class='ocr_carea' id='block_1_1' title="bbox 186 106 1023 239">
    <p class='ocr_par' dir='ltr' id='par_1_1' title="bbox 186 106 1023 239">
     <span class='ocr_line' id='line_1_1' title="bbox 186 106 1023 178; baseline 0 -21"><span class='ocrx_word' id='word_1_1' title='bbox 186 111 272 171; x_wconf 85' lang='lat'>176</span> <span class='ocrx_word' id='word_1_2' title='bbox 340 111 423 155; x_wconf 71' lang='grc' dir='ltr'>ΡΛ</span> <span class='ocrx_word' id='word_1_3' title='bbox 445 122 494 156; x_wconf 82' lang='grc' dir='ltr'>Β.</span> <span class='ocrx_word' id='word_1_4' title='bbox 528 111 833 157; x_wconf 75' lang='lat' dir='ltr'><em>AESOPIA</em></span> <span class='ocrx_word' id='word_1_5' title='bbox 855 123 889 178; x_wconf 63' lang='lat' dir='ltr'>a</span> <span class='ocrx_word' id='word_1_6' title='bbox 913 106 1023 157; x_wconf 63' lang='grc' dir='ltr'>ΗΜ</span> 
     </span>
     <span class='ocr_line' id='line_1_2' title="bbox 199 190 909 239; baseline 0.004 -14"><span class='ocrx_word' id='word_1_7' title='bbox 199 190 909 239; x_wconf 49' lang='lat' dir='ltr'>z———zaessssoeffi--sa</span> 
     </span>
    </p>
   </div>
   <div class='ocr_carea' id='block_1_2' title="bbox 267 278 1083 433">
    <p class='ocr_par' dir='ltr' id='par_1_2' title="bbox 267 278 1083 433">
     <span class='ocr_line' id='line_1_3' title="bbox 376 278 982 325; baseline 0.002 -3"><span class='ocrx_word' id='word_1_8' title='bbox 376 278 407 322; x_wconf 87' lang='lat' dir='ltr'><strong>F</strong></span> <span class='ocrx_word' id='word_1_9' title='bbox 438 280 478 323; x_wconf 87' lang='lat' dir='ltr'>A</span> <span class='ocrx_word' id='word_1_10' title='bbox 515 278 547 323; x_wconf 90' lang='lat' dir='ltr'>B</span> <span class='ocrx_word' id='word_1_11' title='bbox 583 279 628 325; x_wconf 90' lang='lat' dir='ltr'><strong>U</strong></span> <span class='ocrx_word' id='word_1_12' title='bbox 663 279 701 323; x_wconf 88' lang='lat' dir='ltr'>L</span> <span class='ocrx_word' id='word_1_13' title='bbox 732 279 772 324; x_wconf 88' lang='lat' dir='ltr'>A</span> <span class='ocrx_word' id='word_1_14' title='bbox 845 279 893 324; x_wconf 92' lang='lat' dir='ltr'>X</span> <span class='ocrx_word' id='word_1_15' title='bbox 923 280 982 323; x_wconf 89' lang='lat' dir='ltr'>V.</span> 
     </span>
     <span class='ocr_line' id='line_1_4' title="bbox 267 373 1083 433; baseline 0.004 -17"><span class='ocrx_word' id='word_1_16' title='bbox 267 373 507 433; x_wconf 78' lang='lat' dir='ltr'><em>Arbuscula</em></span> <span class='ocrx_word' id='word_1_17' title='bbox 530 408 544 431; x_wconf 86' lang='lat'><strong>,</strong></span> <span class='ocrx_word' id='word_1_18' title='bbox 584 373 755 429; x_wconf 80' lang='lat' dir='ltr'><em>Arbor,</em></span> <span class='ocrx_word' id='word_1_19' title='bbox 796 377 838 426; x_wconf 63' lang='grc' dir='ltr'>δ’</span> <span class='ocrx_word' id='word_1_20' title='bbox 877 373 1083 419; x_wconf 82' lang='lat' dir='ltr'>Colonus.</span> 
     </span>
    </p>
   </div>
   <div class='ocr_carea' id='block_1_3' title="bbox 911 207 1142 218">
    <p class='ocr_par' dir='ltr' id='par_1_3' title="bbox 911 207 1142 218">
     <span class='ocr_line' id='line_1_5' title="bbox 911 207 1142 218; baseline 0 0"><span class='ocrx_word' id='word_1_21' title='bbox 911 207 1142 218; x_wconf 95' lang='lat' dir='ltr'> </span> 
     </span>
    </p>
   </div>
   <div class='ocr_carea' id='block_1_4' title="bbox 1141 200 1178 230">
    <p class='ocr_par' dir='ltr' id='par_1_4' title="bbox 1141 200 1178 230">
     <span class='ocr_line' id='line_1_6' title="bbox 1141 200 1178 230; baseline 0 -12"><span class='ocrx_word' id='word_1_22' title='bbox 1141 200 1178 230; x_wconf 52' lang='grc' dir='ltr'>’Ἰ</span> 
     </span>
    </p>
   </div>
   <div class='ocr_carea' id='block_1_5' title="bbox 228 219 455 225">
    <p class='ocr_par' dir='ltr' id='par_1_5' title="bbox 228 219 455 225">
     <span class='ocr_line' id='line_1_7' title="bbox 228 219 455 225; baseline 0 0"><span class='ocrx_word' id='word_1_23' title='bbox 228 219 455 225; x_wconf 95' lang='lat' dir='ltr'> </span> 
     </span>
    </p>
   </div>
   <div class='ocr_carea' id='block_1_6' title="bbox 911 220 1140 228">
    <p class='ocr_par' dir='ltr' id='par_1_6' title="bbox 911 220 1140 228">
     <span class='ocr_line' id='line_1_8' title="bbox 911 220 1140 228; baseline 0 2139"><span class='ocrx_word' id='word_1_24' title='bbox 911 220 1140 228; x_wconf 95' lang='lat' dir='ltr'> </span> 
     </span>
    </p>
   </div>
   <div class='ocr_carea' id='block_1_7' title="bbox 180 445 1152 1658">
    <p class='ocr_par' dir='ltr' id='par_1_7' title="bbox 180 445 1152 1558">
     <span class='ocr_line' id='line_1_9' title="bbox 181 445 997 529; baseline 0 -8"><span class='ocrx_word' id='word_1_25' title='bbox 181 445 263 527; x_wconf 54' lang='lat' dir='ltr'>:ffu</span> <span class='ocrx_word' id='word_1_26' title='bbox 276 495 300 520; x_wconf 83' lang='lat' dir='ltr'>N</span> <span class='ocrx_word' id='word_1_27' title='bbox 313 496 326 520; x_wconf 94' lang='lat'>1</span> <span class='ocrx_word' id='word_1_28' title='bbox 340 496 359 519; x_wconf 81' lang='lat' dir='ltr'>P</span> <span class='ocrx_word' id='word_1_29' title='bbox 372 496 394 519; x_wconf 80' lang='grc' dir='ltr'><strong>Ε</strong></span> <span class='ocrx_word' id='word_1_30' title='bbox 407 496 431 520; x_wconf 80' lang='lat' dir='ltr'>R</span> <span class='ocrx_word' id='word_1_31' title='bbox 444 496 468 520; x_wconf 92' lang='lat' dir='ltr'>o</span> <span class='ocrx_word' id='word_1_32' title='bbox 480 496 497 520; x_wconf 91' lang='lat' dir='ltr'>s</span> <span class='ocrx_word' id='word_1_33' title='bbox 516 486 625 528; x_wconf 88' lang='lat' dir='ltr'>inter,</span> <span class='ocrx_word' id='word_1_34' title='bbox 645 487 678 520; x_wconf 90' lang='lat'>&amp;</span> <span class='ocrx_word' id='word_1_35' title='bbox 695 486 784 521; x_wconf 85' lang='lat' dir='ltr'>alios</span> <span class='ocrx_word' id='word_1_36' title='bbox 796 485 997 529; x_wconf 84' lang='lat' dir='ltr'>hujusmodi</span> 
     </span>
     <span class='ocr_line' id='line_1_10' title="bbox 182 535 976 580; baseline 0 -11"><span class='ocrx_word' id='word_1_37' title='bbox 182 536 338 569; x_wconf 82' lang='lat' dir='ltr'>Frutices</span> <span class='ocrx_word' id='word_1_38' title='bbox 351 561 359 576; x_wconf 88' lang='lat'>‚</span> <span class='ocrx_word' id='word_1_39' title='bbox 375 537 513 569; x_wconf 82' lang='lat' dir='ltr'>tenebat</span> <span class='ocrx_word' id='word_1_40' title='bbox 527 535 762 580; x_wconf 84' lang='lat' dir='ltr'>principatum</span> <span class='ocrx_word' id='word_1_41' title='bbox 777 536 976 570; x_wconf 84' lang='lat' dir='ltr'>Arbuscula.</span> 
     </span>
     <span class='ocr_line' id='line_1_11' title="bbox 181 583 1052 630; baseline 0.002 -14"><span class='ocrx_word' id='word_1_42' title='bbox 181 583 266 617; x_wconf 90' lang='lat' dir='ltr'>Inde</span> <span class='ocrx_word' id='word_1_43' title='bbox 283 586 407 628; x_wconf 89' lang='lat' dir='ltr'>procul</span> <span class='ocrx_word' id='word_1_44' title='bbox 420 585 591 619; x_wconf 86' lang='lat' dir='ltr'>Arborem</span> <span class='ocrx_word' id='word_1_45' title='bbox 607 584 774 619; x_wconf 80' lang='lat' dir='ltr'>eximiam</span> <span class='ocrx_word' id='word_1_46' title='bbox 792 585 873 618; x_wconf 89' lang='lat' dir='ltr'>dum</span> <span class='ocrx_word' id='word_1_47' title='bbox 890 583 1052 630; x_wconf 81' lang='lat' dir='ltr'>respicit,</span> 
     </span>
     <span class='ocr_line' id='line_1_12' title="bbox 180 632 936 678; baseline 0.001 -13"><span class='ocrx_word' id='word_1_48' title='bbox 180 632 225 665; x_wconf 84' lang='lat' dir='ltr'>Et</span> <span class='ocrx_word' id='word_1_49' title='bbox 242 632 316 675; x_wconf 84' lang='lat' dir='ltr'>ejus</span> <span class='ocrx_word' id='word_1_50' title='bbox 333 644 477 667; x_wconf 83' lang='lat' dir='ltr'>omnem</span> <span class='ocrx_word' id='word_1_51' title='bbox 495 633 689 677; x_wconf 83' lang='lat' dir='ltr'>perspicere</span> <span class='ocrx_word' id='word_1_52' title='bbox 705 632 936 678; x_wconf 71' lang='lat' dir='ltr'>praestantiam</span> 
     </span>
     <span class='ocr_line' id='line_1_13' title="bbox 182 681 962 728; baseline 0.001 -14"><span class='ocrx_word' id='word_1_53' title='bbox 182 681 238 715; x_wconf 89' lang='lat' dir='ltr'>Ne</span> <span class='ocrx_word' id='word_1_54' title='bbox 253 681 368 726; x_wconf 83' lang='lat' dir='ltr'>possit</span> <span class='ocrx_word' id='word_1_55' title='bbox 379 708 388 723; x_wconf 89' lang='lat'>,</span> <span class='ocrx_word' id='word_1_56' title='bbox 403 682 476 726; x_wconf 83' lang='lat' dir='ltr'>ipsa</span> <span class='ocrx_word' id='word_1_57' title='bbox 493 683 574 716; x_wconf 87' lang='lat' dir='ltr'>dum</span> <span class='ocrx_word' id='word_1_58' title='bbox 587 691 685 716; x_wconf 89' lang='lat' dir='ltr'>vetat</span> <span class='ocrx_word' id='word_1_59' title='bbox 700 681 962 728; x_wconf 79' lang='lat' dir='ltr'>longinquitas,</span> 
     </span>
     <span class='ocr_line' id='line_1_14' title="bbox 183 730 926 775; baseline 0.003 -12"><span class='ocrx_word' id='word_1_60' title='bbox 183 730 235 763; x_wconf 80' lang='lat' dir='ltr'>Ac</span> <span class='ocrx_word' id='word_1_61' title='bbox 250 730 366 764; x_wconf 87' lang='lat' dir='ltr'>tenuis</span> <span class='ocrx_word' id='word_1_62' title='bbox 381 732 486 765; x_wconf 84' lang='lat' dir='ltr'>etiam</span> <span class='ocrx_word' id='word_1_63' title='bbox 504 732 628 764; x_wconf 90' lang='lat' dir='ltr'>nebula</span> <span class='ocrx_word' id='word_1_64' title='bbox 641 730 757 764; x_wconf 86' lang='lat' dir='ltr'>visum</span> <span class='ocrx_word' id='word_1_65' title='bbox 771 731 902 775; x_wconf 88' lang='lat' dir='ltr'>decipit</span> <span class='ocrx_word' id='word_1_66' title='bbox 915 744 926 771; x_wconf 87' lang='lat'>;</span> 
     </span>
     <span class='ocr_line' id='line_1_15' title="bbox 183 778 772 823; baseline 0.002 -11"><span class='ocrx_word' id='word_1_67' title='bbox 183 778 390 813; x_wconf 85' lang='lat' dir='ltr'>Existimare</span> <span class='ocrx_word' id='word_1_68' title='bbox 405 779 515 823; x_wconf 85' lang='lat' dir='ltr'>coepit</span> <span class='ocrx_word' id='word_1_69' title='bbox 525 806 534 820; x_wconf 86' lang='lat'>‚</span> <span class='ocrx_word' id='word_1_70' title='bbox 549 779 601 813; x_wconf 90' lang='lat' dir='ltr'>illi</span> <span class='ocrx_word' id='word_1_71' title='bbox 618 779 749 813; x_wconf 86' lang='lat' dir='ltr'>scilicet</span> <span class='ocrx_word' id='word_1_72' title='bbox 763 806 772 822; x_wconf 92' lang='lat'>‚</span> 
     </span>
     <span class='ocr_line' id='line_1_16' title="bbox 183 827 911 872; baseline 0.003 -11"><span class='ocrx_word' id='word_1_73' title='bbox 183 827 222 861; x_wconf 85' lang='lat' dir='ltr'>Si</span> <span class='ocrx_word' id='word_1_74' title='bbox 239 838 360 861; x_wconf 88' lang='lat' dir='ltr'>contra</span> <span class='ocrx_word' id='word_1_75' title='bbox 374 828 474 862; x_wconf 86' lang='lat' dir='ltr'>staret</span> <span class='ocrx_word' id='word_1_76' title='bbox 484 855 494 870; x_wconf 94' lang='lat'>,</span> <span class='ocrx_word' id='word_1_77' title='bbox 508 829 757 872; x_wconf 82' lang='lat' dir='ltr'>praeferendam</span> <span class='ocrx_word' id='word_1_78' title='bbox 772 829 805 862; x_wconf 89' lang='lat' dir='ltr'>se</span> <span class='ocrx_word' id='word_1_79' title='bbox 822 829 911 863; x_wconf 85' lang='lat' dir='ltr'>fore.</span> 
     </span>
     <span class='ocr_line' id='line_1_17' title="bbox 184 877 1004 921; baseline 0.002 -11"><span class='ocrx_word' id='word_1_80' title='bbox 184 877 434 921; x_wconf 82' lang='lat' dir='ltr'>Quapropter,</span> <span class='ocrx_word' id='word_1_81' title='bbox 453 878 616 911; x_wconf 88' lang='lat' dir='ltr'>omnibus</span> <span class='ocrx_word' id='word_1_82' title='bbox 632 888 671 910; x_wconf 91' lang='lat' dir='ltr'>ut</span> <span class='ocrx_word' id='word_1_83' title='bbox 686 878 829 911; x_wconf 79' lang='lat' dir='ltr'>facultas</span> <span class='ocrx_word' id='word_1_84' title='bbox 843 878 1004 921; x_wconf 81' lang='lat' dir='ltr'>suppetat</span> 
     </span>
     <span class='ocr_line' id='line_1_18' title="bbox 181 925 924 971; baseline 0.003 -13"><span class='ocrx_word' id='word_1_85' title='bbox 181 925 378 971; x_wconf 86' lang='lat' dir='ltr'>Utramque</span> <span class='ocrx_word' id='word_1_86' title='bbox 394 927 640 971; x_wconf 85' lang='lat' dir='ltr'>comparandi,</span> <span class='ocrx_word' id='word_1_87' title='bbox 655 926 808 960; x_wconf 69' lang='lat' dir='ltr'>maxima</span> <span class='ocrx_word' id='word_1_88' title='bbox 821 937 924 971; x_wconf 88' lang='lat' dir='ltr'>prece</span> 
     </span>
     <span class='ocr_line' id='line_1_19' title="bbox 181 973 983 1020; baseline 0.002 -13"><span class='ocrx_word' id='word_1_89' title='bbox 181 973 278 1008; x_wconf 85' lang='lat' dir='ltr'>Orat</span> <span class='ocrx_word' id='word_1_90' title='bbox 294 977 472 1010; x_wconf 75' lang='lat' dir='ltr'>Colonum</span> <span class='ocrx_word' id='word_1_91' title='bbox 483 1001 491 1016; x_wconf 92' lang='lat'>,</span> <span class='ocrx_word' id='word_1_92' title='bbox 507 977 631 1009; x_wconf 85' lang='lat' dir='ltr'>tollere</span> <span class='ocrx_word' id='word_1_93' title='bbox 648 975 729 1009; x_wconf 88' lang='lat' dir='ltr'>hinc</span> <span class='ocrx_word' id='word_1_94' title='bbox 746 976 855 1020; x_wconf 82' lang='lat' dir='ltr'>ipsam</span> <span class='ocrx_word' id='word_1_95' title='bbox 870 975 983 1018; x_wconf 81' lang='lat' dir='ltr'>velit,</span> 
     </span>
     <span class='ocr_line' id='line_1_20' title="bbox 183 1023 791 1058; baseline 0.002 -1"><span class='ocrx_word' id='word_1_96' title='bbox 183 1023 229 1057; x_wconf 85' lang='lat' dir='ltr'>Et</span> <span class='ocrx_word' id='word_1_97' title='bbox 246 1025 421 1058; x_wconf 86' lang='lat' dir='ltr'>collocare</span> <span class='ocrx_word' id='word_1_98' title='bbox 438 1024 475 1057; x_wconf 87' lang='lat' dir='ltr'>in</span> <span class='ocrx_word' id='word_1_99' title='bbox 488 1023 633 1058; x_wconf 83' lang='lat' dir='ltr'>Arboris</span> <span class='ocrx_word' id='word_1_100' title='bbox 647 1025 791 1058; x_wconf 65' lang='lat' dir='ltr'>vicinia.</span> 
     </span>
     <span class='ocr_line' id='line_1_21' title="bbox 184 1072 918 1117; baseline 0.001 -12"><span class='ocrx_word' id='word_1_101' title='bbox 184 1072 335 1106; x_wconf 87' lang='lat' dir='ltr'>Recusat</span> <span class='ocrx_word' id='word_1_102' title='bbox 351 1073 410 1107; x_wconf 87' lang='lat' dir='ltr'>ille</span> <span class='ocrx_word' id='word_1_103' title='bbox 427 1073 579 1117; x_wconf 72' lang='lat' dir='ltr'>primum</span> <span class='ocrx_word' id='word_1_104' title='bbox 595 1087 602 1106; x_wconf 88' lang='lat'><strong>:</strong></span> <span class='ocrx_word' id='word_1_105' title='bbox 619 1083 652 1107; x_wconf 91' lang='lat' dir='ltr'>at</span> <span class='ocrx_word' id='word_1_106' title='bbox 668 1072 918 1117; x_wconf 85' lang='lat' dir='ltr'>importunitas</span> 
     </span>
     <span class='ocr_line' id='line_1_22' title="bbox 183 1119 1152 1167; baseline 0.003 -13"><span class='ocrx_word' id='word_1_107' title='bbox 183 1120 291 1154; x_wconf 83' lang='lat' dir='ltr'>Hunc</span> <span class='ocrx_word' id='word_1_108' title='bbox 308 1122 458 1166; x_wconf 86' lang='lat' dir='ltr'>denique</span> <span class='ocrx_word' id='word_1_109' title='bbox 472 1122 568 1167; x_wconf 76' lang='lat' dir='ltr'>cogit</span> <span class='ocrx_word' id='word_1_110' title='bbox 583 1123 695 1156; x_wconf 84' lang='lat' dir='ltr'>facere</span> <span class='ocrx_word' id='word_1_111' title='bbox 706 1148 715 1163; x_wconf 87' lang='lat'>‚</span> <span class='ocrx_word' id='word_1_112' title='bbox 733 1123 828 1166; x_wconf 91' lang='lat' dir='ltr'>quod</span> <span class='ocrx_word' id='word_1_113' title='bbox 842 1122 944 1155; x_wconf 91' lang='lat' dir='ltr'>valde</span> <span class='ocrx_word' id='word_1_114' title='bbox 961 1119 1152 1167; x_wconf 79' lang='lat' dir='ltr'>improbat.</span> 
     </span>
     <span class='ocr_line' id='line_1_23' title="bbox 183 1171 841 1216; baseline 0.002 -13"><span class='ocrx_word' id='word_1_115' title='bbox 183 1171 322 1204; x_wconf 83' lang='lat' dir='ltr'>Natalis</span> <span class='ocrx_word' id='word_1_116' title='bbox 339 1183 424 1216; x_wconf 84' lang='lat' dir='ltr'>ergo</span> <span class='ocrx_word' id='word_1_117' title='bbox 440 1171 593 1215; x_wconf 86' lang='lat' dir='ltr'>stirpitus</span> <span class='ocrx_word' id='word_1_118' title='bbox 610 1182 629 1204; x_wconf 85' lang='lat' dir='ltr'>e</span> <span class='ocrx_word' id='word_1_119' title='bbox 645 1180 744 1205; x_wconf 82' lang='lat' dir='ltr'>terrae</span> <span class='ocrx_word' id='word_1_120' title='bbox 761 1171 841 1204; x_wconf 86' lang='lat' dir='ltr'>sinu</span> 
     </span>
     <span class='ocr_line' id='line_1_24' title="bbox 183 1219 938 1264; baseline 0 -12"><span class='ocrx_word' id='word_1_121' title='bbox 183 1219 321 1253; x_wconf 86' lang='lat' dir='ltr'>Avellit</span> <span class='ocrx_word' id='word_1_122' title='bbox 332 1246 341 1260; x_wconf 91' lang='lat'><strong>‚</strong></span> <span class='ocrx_word' id='word_1_123' title='bbox 357 1221 391 1253; x_wconf 88' lang='lat'>&amp;</span> <span class='ocrx_word' id='word_1_124' title='bbox 408 1220 548 1264; x_wconf 85' lang='lat' dir='ltr'>reponit</span> <span class='ocrx_word' id='word_1_125' title='bbox 566 1229 725 1264; x_wconf 82' lang='lat' dir='ltr'>optatum</span> <span class='ocrx_word' id='word_1_126' title='bbox 742 1220 778 1253; x_wconf 92' lang='lat' dir='ltr'>in</span> <span class='ocrx_word' id='word_1_127' title='bbox 794 1221 938 1257; x_wconf 79' lang='lat' dir='ltr'>locum3</span> 
     </span>
     <span class='ocr_line' id='line_1_25' title="bbox 186 1268 953 1313; baseline 0.001 -12"><span class='ocrx_word' id='word_1_128' title='bbox 186 1268 255 1302; x_wconf 86' lang='lat' dir='ltr'>Sed</span> <span class='ocrx_word' id='word_1_129' title='bbox 272 1269 369 1302; x_wconf 83' lang='lat' dir='ltr'>illam</span> <span class='ocrx_word' id='word_1_130' title='bbox 386 1279 498 1302; x_wconf 87' lang='lat' dir='ltr'>totam</span> <span class='ocrx_word' id='word_1_131' title='bbox 514 1268 564 1303; x_wconf 83' lang='lat' dir='ltr'>sic</span> <span class='ocrx_word' id='word_1_132' title='bbox 580 1269 743 1313; x_wconf 78' lang='lat' dir='ltr'>pusillam</span> <span class='ocrx_word' id='word_1_133' title='bbox 760 1269 839 1302; x_wconf 66' lang='lat' dir='ltr'>cum</span> <span class='ocrx_word' id='word_1_134' title='bbox 855 1268 953 1302; x_wconf 87' lang='lat' dir='ltr'>videt</span> 
     </span>
     <span class='ocr_line' id='line_1_26' title="bbox 183 1317 970 1363; baseline 0 -13"><span class='ocrx_word' id='word_1_135' title='bbox 183 1317 311 1351; x_wconf 75' lang='lat' dir='ltr'>Latere</span> <span class='ocrx_word' id='word_1_136' title='bbox 330 1318 367 1351; x_wconf 87' lang='lat' dir='ltr'>in</span> <span class='ocrx_word' id='word_1_137' title='bbox 382 1319 503 1352; x_wconf 88' lang='lat' dir='ltr'>umbra</span> <span class='ocrx_word' id='word_1_138' title='bbox 520 1329 644 1363; x_wconf 88' lang='lat' dir='ltr'>magna</span> <span class='ocrx_word' id='word_1_139' title='bbox 661 1318 788 1351; x_wconf 78' lang='lat' dir='ltr'>vicinae</span> <span class='ocrx_word' id='word_1_140' title='bbox 803 1317 947 1350; x_wconf 87' lang='lat' dir='ltr'>Arboris</span> <span class='ocrx_word' id='word_1_141' title='bbox 959 1341 970 1358; x_wconf 86' lang='lat'><em>‚</em></span> 
     </span>
     <span class='ocr_line' id='line_1_27' title="bbox 185 1365 938 1411; baseline -0.003 -11"><span class='ocrx_word' id='word_1_142' title='bbox 185 1367 337 1405; x_wconf 76' lang='lat' dir='ltr'>Irridet3</span> <span class='ocrx_word' id='word_1_143' title='bbox 354 1366 411 1408; x_wconf 67' lang='grc' dir='ltr'>δι’,</span> <span class='ocrx_word' id='word_1_144' title='bbox 424 1368 476 1400; x_wconf 87' lang='lat' dir='ltr'>Te</span> <span class='ocrx_word' id='word_1_145' title='bbox 493 1366 644 1411; x_wconf 76' lang='lat' dir='ltr'>quanto,</span> <span class='ocrx_word' id='word_1_146' title='bbox 661 1366 733 1408; x_wconf 84' lang='lat' dir='ltr'>ait,</span> <span class='ocrx_word' id='word_1_147' title='bbox 751 1367 856 1401; x_wconf 87' lang='lat' dir='ltr'>satius</span> <span class='ocrx_word' id='word_1_148' title='bbox 871 1365 938 1399; x_wconf 87' lang='lat' dir='ltr'>fuit</span> 
     </span>
     <span class='ocr_line' id='line_1_28' title="bbox 187 1414 936 1461; baseline -0.004 -11"><span class='ocrx_word' id='word_1_149' title='bbox 187 1415 389 1460; x_wconf 89' lang='lat' dir='ltr'>Juniperis,</span> <span class='ocrx_word' id='word_1_150' title='bbox 408 1417 441 1450; x_wconf 87' lang='lat'>&amp;</span> <span class='ocrx_word' id='word_1_151' title='bbox 458 1416 616 1461; x_wconf 84' lang='lat' dir='ltr'>genistis,</span> <span class='ocrx_word' id='word_1_152' title='bbox 636 1417 669 1449; x_wconf 85' lang='lat'>&amp;</span> <span class='ocrx_word' id='word_1_153' title='bbox 685 1414 936 1460; x_wconf 86' lang='lat' dir='ltr'>periclymenis</span> 
     </span>
     <span class='ocr_line' id='line_1_29' title="bbox 187 1464 1016 1509; baseline -0.002 -12"><span class='ocrx_word' id='word_1_154' title='bbox 187 1464 400 1506; x_wconf 85' lang='lat' dir='ltr'>Dominari</span> <span class='ocrx_word' id='word_1_155' title='bbox 413 1475 517 1502; x_wconf 64' lang='lat' dir='ltr'>tantae</span> <span class='ocrx_word' id='word_1_156' title='bbox 534 1476 637 1509; x_wconf 87' lang='lat' dir='ltr'>quam</span> <span class='ocrx_word' id='word_1_157' title='bbox 652 1465 810 1498; x_wconf 83' lang='lat' dir='ltr'>invidere</span> <span class='ocrx_word' id='word_1_158' title='bbox 828 1465 1016 1504; x_wconf 84' lang='lat' dir='ltr'>tantulam,</span> 
     </span>
     <span class='ocr_line' id='line_1_30' title="bbox 189 1512 804 1558; baseline -0.005 -10"><span class='ocrx_word' id='word_1_159' title='bbox 189 1514 232 1548; x_wconf 82' lang='lat' dir='ltr'>Et</span> <span class='ocrx_word' id='word_1_160' title='bbox 249 1514 418 1558; x_wconf 87' lang='lat' dir='ltr'>anteponi</span> <span class='ocrx_word' id='word_1_161' title='bbox 434 1516 528 1549; x_wconf 84' lang='lat' dir='ltr'>velle</span> <span class='ocrx_word' id='word_1_162' title='bbox 547 1512 804 1557; x_wconf 80' lang='lat' dir='ltr'>magnitudini</span> <span class='ocrx_word' id='word_1_163' title='bbox 798 1515 803 1536; x_wconf 86' lang='lat'>¹</span> 
     </span>
    </p>

    <p class='ocr_par' dir='ltr' id='par_1_8' title="bbox 189 1558 1100 1658">
     <span class='ocr_line' id='line_1_31' title="bbox 239 1558 1093 1606; baseline -0.002 -12"><span class='ocrx_word' id='word_1_164' title='bbox 239 1562 384 1606; x_wconf 82' lang='lat' dir='ltr'>Virgilii</span> <span class='ocrx_word' id='word_1_165' title='bbox 395 1562 638 1606; x_wconf 81' lang='lat' dir='ltr'>‚Homerique</span> <span class='ocrx_word' id='word_1_166' title='bbox 655 1563 801 1595; x_wconf 83' lang='lat' dir='ltr'>aemulos</span> <span class='ocrx_word' id='word_1_167' title='bbox 819 1560 984 1605; x_wconf 88' lang='lat' dir='ltr'>quosdam</span> <span class='ocrx_word' id='word_1_168' title='bbox 998 1585 1009 1601; x_wconf 78' lang='lat'>,</span> <span class='ocrx_word' id='word_1_169' title='bbox 1023 1558 1093 1593; x_wconf 70' lang='lat' dir='ltr'>sibi</span> 
     </span>
     <span class='ocr_line' id='line_1_32' title="bbox 189 1608 1100 1658; baseline 0 -13"><span class='ocrx_word' id='word_1_170' title='bbox 189 1610 346 1646; x_wconf 86' lang='lat' dir='ltr'>Palmam</span> <span class='ocrx_word' id='word_1_171' title='bbox 362 1621 560 1658; x_wconf 76' lang='lat' dir='ltr'>arrogantes</span> <span class='ocrx_word' id='word_1_172' title='bbox 571 1637 581 1653; x_wconf 85' lang='lat'>‚</span> <span class='ocrx_word' id='word_1_173' title='bbox 598 1611 709 1645; x_wconf 83' lang='lat' dir='ltr'>fabula</span> <span class='ocrx_word' id='word_1_174' title='bbox 721 1636 730 1652; x_wconf 90' lang='lat'>‚</span> <span class='ocrx_word' id='word_1_175' title='bbox 746 1620 784 1643; x_wconf 88' lang='lat' dir='ltr'>ut</span> <span class='ocrx_word' id='word_1_176' title='bbox 799 1608 950 1654; x_wconf 77' lang='lat' dir='ltr'>sapiant,</span> <span class='ocrx_word' id='word_1_177' title='bbox 964 1618 1100 1645; x_wconf 66' lang='lat' dir='ltr'>monet.</span> 
     </span>
    </p>
   </div>
   <div class='ocr_carea' id='block_1_8' title="bbox 585 1763 779 1829">
    <p class='ocr_par' dir='ltr' id='par_1_9' title="bbox 585 1763 779 1829">
     <span class='ocr_line' id='line_1_33' title="bbox 585 1763 779 1829; baseline 0.005 -1"><span class='ocrx_word' id='word_1_178' title='bbox 585 1763 779 1829; x_wconf 44' lang='lat' dir='ltr'>&amp;ff</span> 
     </span>
    </p>
   </div>
   <div class='ocr_carea' id='block_1_9' title="bbox 1181 0 1225 1219">
    <p class='ocr_par' dir='ltr' id='par_1_10' title="bbox 1181 0 1225 1219">
     <span class='ocr_line' id='line_1_34' title="bbox 1181 0 1225 1219; baseline 0 0"><span class='ocrx_word' id='word_1_179' title='bbox 1181 0 1225 1219; x_wconf 95' lang='lat' dir='ltr'> </span> 
     </span>
    </p>
   </div>
  </div>
 </body>
</html>
