1268 2361
278 129 510 174 LIBER
561 138 876 174 PR1MU5.
1015 134 1065 188 13

83 210 222 246 nabere
237 211 362 256 possit.
377 212 487 244 Natus
504 211 636 243 nildum
652 209 826 254 suspicans

87 259 172 303 Quo
187 262 386 294 tenderetur
396 286 404 301 ‚
419 259 541 293 annuit
551 286 559 300 ‚
575 259 708 292 invitus
724 258 818 293 lic'et.

86 308 178 353 Ergo
195 309 371 342 obseratur
386 308 502 342 cistula
516 320 526 345 ·‚
543 308 577 341 ὅ(
592 307 700 340 clavis
717 308 815 341 datur

86 357 261 390 Servanda
277 357 386 401 patri,
400 359 510 390 donec
527 357 599 400 ipse
616 356 753 388 nuntiet

87 403 272 438 Reserandi
289 416 439 449 tempus.
455 405 600 438 Interim
617 404 802 447 impatiens
819 415 924 436 morte
936 429 946 443 ,

86 452 223 486 Patrem
239 464 348 497 usque
367 454 399 486 8<
413 464 522 497 usque
539 453 660 486 blanda
679 453 842 486 sollicitat
857 463 958 496 prece
970 476 981 494 ,

85 501 284 546 Tentatque
301 512 400 535 natus
415 503 524 535 facere
536 526 545 541 ,
559 512 602 534 ne
618 501 748 534 diutius

85 549 210 584 Visere
226 560 366 584 vetetur
377 576 385 590 ‚
399 561 470 594 quo
487 551 555 583 sua:
573 550 642 582 sint
659 561 712 583 res
728 552 822 584 loco.

85 598 202 632 Nimis
219 598 397 643 inquietus
414 599 497 642 quid
511 608 545 631 te
561 597 678 631 frustra
696 610 845 632 maceras
857 623 866 640 ,

85 647 210 680 Aiebat
227 647 285 680 ille
300 649 313 681 ?
329 647 414 691 quin
430 647 548 690 potius
560 673 569 687 ,
583 649 676 690 quod
694 657 730 679 tu
747 648 844 691 cupis
855 672 864 687 ‚

85 695 177 728 fieri
193 696 274 729 dum
291 695 392 729 liceat
403 722 411 736 ,
425 695 567 728 sustines
585 706 718 728 moram
735 697 879 729 brevem
893 696 908 730 ἓ

85 744 133 777 At
148 755 227 777 ecce
237 770 247 784 ,
261 744 443 788 postquam
459 743 589 776 distulit
604 743 684 776 satis
701 744 760 777 diu
770 770 779 784 ,

51 822 54 823 γ
84 791 229 826 'Venifl‘e
245 793 383 825 tandem
400 792 536 825 nuntiat
553 802 713 835 optatum
729 793 820 825 diem
833 818 847 834 r

85 840 267 885 Simulque
284 841 412 874 clavim
428 841 532 874 tradit
546 853 554 873 z
570 841 627 873 illa
644 840 781 885 segnius

85 888 237 922 Videtur
253 889 484 922 obsecundare
500 889 552 922 isti
569 889 772 931 improvido
784 915 794 930 ,

86 937 196 970 Suum
211 938 393 981 expetenti
410 949 550 971 cernere
566 937 669 971 citiu5
686 940 816 972 malum
831 951 840 970 :

85 987 176 1020 Nam
191 987 256 1020 vix
272 997 389 1031 aperta
405 986 453 1019 est
470 986 586 1020 cistula
597 1013 607 1027 ,
623 986 801 1032 ingentem
816 988 915 1021 videt

85 1034 264 1069 Omnibus
281 1037 321 1068 ad
337 1046 446 1068 unum
461 1035 567 1068 Malis
578 1061 588 1076 ,
603 1034 671 1077 jam
689 1046 761 1068 non
777 1036 889 1069 aureis
900 1062 910 1077 ‚

84 1083 196 1117 Luem
212 1083 368 1117 insediffe
379 1110 390 1124 ‚
403 1085 438 1117 ὅ(
452 1084 628 1117 horridam
645 1085 876 1127 putredinem.

86 1132 129 1165 Et
145 1133 376 1166 calamitatem
392 1143 465 1166 non
480 1143 547 1177 ego
563 1134 649 1166 hanc
666 1134 892 1176 praedixeram
905 1158 915 1174 ‚

85 1181 265 1214 Exclamat
279 1183 291 1215 ?
305 1182 374 1214 heu
389 1192 445 1214 me
461 1184 468 1215 !
488 1182 591 1225 quam
607 1192 712 1214 verus
729 1181 841 1215 forem
852 1208 861 1223 ,
876 1180 981 1216 nimis

85 1229 327 1274 Intelligebam
341 1243 349 1263 :
367 1230 425 1262 sed
439 1230 540 1263 aliter
554 1230 670 1263 visum
686 1230 751 1262 tibi
761 1256 771 1271 ‚

87 1277 199 1311 Pater.
214 1279 346 1311 Dolere
363 1289 436 1312 non
451 1277 540 1311 tanti
555 1277 602 1310 est
613 1303 622 1318 ,
636 1277 687 1311 fili
701 1291 710 1315 3
729 1278 857 1312 abstine
867 1305 878 1320 ,

86 1326 148 1359 Ait
164 1326 222 1359 ille
233 1352 243 1367 ‚
257 1325 404 1370 jungens
421 1328 522 1370 plena
537 1326 666 1359 amoris
683 1319 799 1360 oscula
813 1340 822 1361 ε

86 1374 170 1408 Tibi
186 1373 282 1418 quod
295 1376 420 1408 habere
436 1375 538 1418 super
551 1374 606 1408 his
622 1375 796 1408 noluerim
813 1375 917 1409 fidem
928 1401 938 1417 ,

86 1423 256 1465 Quereris
270 1437 279 1458 2
296 1433 330 1456 at
345 1423 418 1466 ipse
434 1423 605 1467 numquid
619 1424 808 1457 credideras
825 1424 912 1457 mihi
922 1450 934 1465 ‚

86 1471 179 1505 cum
197 1483 460 1506 commonerem
471 1498 481 1513 ,
493 1471 567 1505 vita
583 1483 734 1516 quorum
752 1484 824 1506 non
841 1474 932 1507 foret

87 1520 304 1564 Impuritatis
320 1531 445 1564 expers
457 1547 466 1561 ,
480 1520 584 1564 quam
599 1520 700 1554 facile
717 1520 754 1554 in
769 1523 896 1556 malam

87 1568 282 1602 Perniciem
298 1580 421 1603 eorum
436 1569 584 1603 societas
600 1570 782 1602 adduceret
797 1572 810 1602 ?

87 1616 227 1650 Periifl‘e
242 1618 335 1651 Mala
346 1643 356 1659 ,
369 1619 464 1651 dono
480 1629 556 1661 quse
573 1618 731 1650 dederam
742 1644 752 1659 ,
765 1619 862 1652 doles
877 1630 889 1657 ¹,

87 1666 267 1699 Damnum
284 1677 367 1710 puta
383 1665 469 1699 istud
486 1666 520 1699 δι
535 1668 614 1699 leve
631 1667 665 1700 &
681 1667 889 1709 reparabile.

89 1714 157 1748 Sed
172 1715 371 1748 adulteratis
382 1740 392 1756 ‚
405 1724 483 1747 nate
495 1740 505 1756 ‚
517 1715 547 1749 si
558 1721 597 1748 'te
614 1716 771 1749 moribus

89 1762 288 1806 Aliquando
304 1762 381 1797 fieri
396 1762 566 1796 vitiosum
583 1763 802 1807 contingeret
816 1776 827 1802 3

91 1811 134 1844 Et
150 1810 208 1844 ista
224 1822 301 1855 quae
318 1823 408 1845 nunc
426 1820 608 1855 tantopere
623 1811 721 1854 juvat
738 1823 871 1856 patrem
882 1837 894 1855 ‚

91 1859 187 1892 Vitae
203 1859 402 1894 innocentis
419 1861 449 1893 si
465 1860 592 1904 periret
609 1860 741 1893 castitas
755 1873 766 1898 3

91 1907 189 1952 Quid
203 1918 301 1955 patre
317 1909 445 1947 misero
462 1908 588 1947 fieret?
603 1918 745 1956 tamque
759 1908 891 1945 flebilis
