1225 2367
137 115 228 176 346
294 114 446 159 ΕΑΒ.
480 114 963 161 AEsoPIAflvM

133 195 304 230 Aculeata
316 195 438 241 sugere
451 194 561 239 coepit
573 194 777 240 sanguinem
791 207 801 230 ι

133 246 257 290 Neque
271 244 371 278 nasus
387 244 466 278 ideo
484 243 628 277 rusticus
643 244 749 278 officii
765 244 818 278 sui

134 294 336 338 Quidquam
352 293 514 327 remittit.
529 293 625 326 Hinc
641 293 682 326 ad
696 295 786 326 aedes
802 291 913 337 regias
928 318 939 334 ‚

132 342 257 376 Noctis
271 343 381 376 adhuc
395 344 545 375 multum
562 341 640 375 cum
657 341 842 385 superesset
852 367 861 382 ‚
876 341 909 375 se
921 341 1037 376 Culex

133 391 322 424 Transtulit
336 403 343 423 ε
360 401 394 424 at
409 391 484 431 ejus
497 390 563 423 vix
576 392 675 423 datur
687 391 901 434 praenuntius
912 415 922 431 ‚

132 440 283 472 Auditur
299 439 396 472 illico
414 441 447 472 ὅ(
461 439 702 472 extimescit-ur
715 439 821 472 sonus
835 451 847 476 ·,

133 488 176 521 Et
193 488 422 521 inclamantur
441 489 475 521 δε
490 488 689 521 excitantur
704 487 850 521 servulae
862 513 871 528 ,

134 538 184 569 Ac
200 537 351 578 servuli,
365 536 500 570 hostem
517 536 578 581 qui
594 547 665 569 tam
680 536 873 570 terribilem
888 539 1035 580 necent,¹

135 586 347 630 Abigantve.
369 586 504 619 Tantos
522 586 580 620 ille
597 587 638 619 ad
651 587 840 619 adventum
858 585 960 619 suum

136 634 226 668 Fieri
243 634 367 669 videns
382 635 572 676 tumultus,
589 634 716 678 repetit
732 633 914 674 rimulam,

137 683 217 726 Qua
230 684 442 727 permearat3
460 684 495 717 ὅ(
508 709 517 724 ,
532 684 597 716 His
611 684 651 716 ab
664 683 796 716 aedibus
810 683 936 726 procul

138 732 324 777 Fugiarnus
336 759 346 773 ‚
359 731 476 776 inquit
490 744 500 770 ·,
514 733 667 765 Somnus
683 731 776 774 ipsas
790 742 864 765 non
877 739 985 767 amat.

187 782 307 814 Altum
320 782 486 824 soporem
502 781 605 814 durus
622 779 759 814 adducit
773 781 884 814 labor.

274 887 296 910 ,ς
530 868 1009 917 ὣῂῼὲυ-ό-ε--κ

284 959 316 1002 F
351 958 393 1002 A
429 958 461 1002 Β
498 958 543 1003 U
577 958 614 1002 L
649 958 691 1002 A
767 957 816 1004 X
848 956 899 1003 X
929 958 990 1005 V.

356 1052 537 1098 Gallina
559 1050 601 1099 ὃ*
619 1053 915 1112 Philosophus.

145 1124 264 1204 Ga
276 1177 296 1201 L
308 1177 328 1200 L
340 1177 355 1201 1
367 1177 392 1200 N
404 1176 430 1200 A
449 1167 486 1200 in
500 1167 608 1200 altum
624 1166 830 1210 suspiciebat
842 1167 997 1210 aethera3

144 1217 186 1250 Et
201 1216 369 1261 inquietis
387 1217 563 1249 advocans
578 1215 789 1260 singultibus

143 1265 262 1298 Pullos
276 1265 441 1298 monebat
453 1290 461 1305 ‚
476 1275 516 1298 ut
531 1274 696 1298 caverent
710 1289 719 1304 ‚
735 1265 770 1297 &
784 1263 842 1298 sua

143 1315 327 1359 Nusquam
341 1326 360 1348 a
373 1323 514 1358 parente
528 1312 668 1357 longius
683 1314 883 1346 recederent
897 1323 908 1350 3

144 1364 189 1396 At
203 1363 237 1396 se
251 1363 311 1396 sub
327 1364 396 1396 alas
410 1363 558 1395 condere
571 1361 681 1404 ipsius
697 1360 811 1394 statim

144 1411 258 1444 Effcnt
272 1413 384 1454 parati
399 1437 408 1451 ‚
425 1411 455 1444 si
470 1410 610 1444 instaret
622 1409 830 1454 periculum.

143 1460 297 1503 Quidam
309 1460 377 1493 hoc
391 1459 624 1502 Philosophus
638 1468 675 1491 ut
691 1457 938 1491 animadvertit
952 1469 960 1491 :
974 1456 1074 1493 Meis

145 1508 249 1542 Clare
263 1534 271 1549 ‚
286 1508 400 1552 inquit
411 1534 420 1549 ,
435 1507 546 1540 oculis
561 1507 669 1540 video
682 1518 694 1544 ·,
707 1506 758 1539 nil
770 1506 878 1540 video
895 1515 1012 1540 tamen
1024 1518 1039 1541 ε

145 1557 289 1592 Gallina
303 1556 478 1590 somnium
493 1555 556 1588 ista
568 1553 714 1588 finxerit
726 1554 795 1588 sibi
809 1580 820 1595 ‚

143 1605 195 1638 Ut
210 1605 364 1649 imperiti
378 1605 467 1648 saepe
481 1603 669 1648 vigilantes
682 1603 796 1636 solent
810 1615 820 1636 z

145 1654 211 1687 Sed
224 1653 487 1687 manifestandus
501 1663 599 1685 error
613 1651 672 1685 est.
689 1652 853 1696 Longum
865 1650 971 1685 simul

145 1702 226 1736 Huc
239 1703 297 1736 ille
309 1728 317 1743 ,
333 1701 404 1747 quo
419 1702 554 1747 sagaces
571 1710 681 1734 mater
693 1700 798 1733 anxia

144 1751 297 1785 Intendit
313 1752 436 1784 oculos
447 1777 457 1792 ,
473 1750 718 1794 conspicillum
730 1748 872 1794 dirigit:

145 1799 253 1840 Cujus
271 1811 339 1844 ope
352 1798 468 1844 primo
485 1798 651 1843 perspicit
663 1799 910 1842 corpusculum

144 1848 243 1881 Exile
260 1850 435 1892 quoddam
450 1849 483 1882 St
496 1848 626 1882 mobile
640 1860 651 1886 ⁴,
666 1847 788 1881 deinde
803 1847 895 1880 hanc
908 1855 1016 1881 avem

144 1896 326 1932 Attonitus
339 1897 406 1933 effe
421 1896 558 1944 colligit
570 1923 581 1940 ,
594 1898 726 1931 alarum
739 1895 866 1931 videns
