1268 2361
227 117 507 161 ·.LIBER
555 125 833 160 NONUS,
956 130 1047 178 203

18 198 37 229 Ι
55 200 103 236 At
117 198 176 235 ille
192 207 308 233 totum
323 198 359 232 id
372 196 488 239 reiicit
500 196 639 243 negotii

55 251 111 284 Ad
124 248 312 291 ianitorem
323 272 332 288 ,
346 246 476 289 ianitor
490 248 532 280 ad
547 246 739 291 topiarium
749 271 763 288 .,

54 299 210 332 Demurn
223 296 399 341 topiarius
415 296 458 329 ad
472 296 599 329 inertes
615 295 829 340 pedisequos
839 307 852 333 3

54 347 149 390 Qui,
161 346 246 380 satis
261 345 390 386 herili,
405 355 517 378 necne
528 370 537 385 ,
551 343 612 377 fiat
626 344 781 378 Psittaco
792 370 802 385 ‚

54 395 176 430 Flocci
189 393 528 435 aestimantes,·i11um
542 393 631 437 saepe
646 393 680 426 δι
696 393 820 436 saepius

55 444 207 488 Cibique
218 443 420 488 ‚potusque
437 442 652 487 indigentem
666 442 847 487 negligunt
858 467 868 483 ,

53 492 280 538 Adiguntque
291 517 300 532 ,
315 492 446 525 sortem
458 502 497 524 ut
511 490 689 534 pristinam
704 493 861 524 recolens
876 500 1009 537 gemat·‚

54 541 116 583 Et,
133 542 238 580 Vita,
253 540 361 581 dicat,
379 550 531 584 paupere
548 539 635 572 mihi
648 539 709 573 sub
724 550 804 575 casa

53 589 142 624 Heri
155 589 285 635 prioris
302 587 436 635 quanto
451 597 523 622 erat
534 587 670 622 beatior
685 591 692 623 !

53 639 153 681 Quas
170 634 365 672 convenire
378 636 489 672 sciffet
501 648 632 670 naturae
646 647 733 671 meae
747 663 757 679 ‚

55 687 168 722 Caute
182 688 331 733 eligebat
342 713 352 728 ,
362 687 577 732 praeparabat
589 685 709 720 sedulo
720 711 730 728 ‚

53 736 97 770 Et
111 735 259 780 copiose
276 736 480 780 largiebatur
493 736 596 778 dapes
612 747 622 772 ·,

54 785 158 818 Altor
174 778 261 818 milii
277 785 371 818 solus
388 785 446 818 ille
461 783 601 829 quidem
615 810 623 824 ‚
636 783 693 817 sed
707 781 878 827 optimus.

52 834 156 867 Nunc
173 833 210 866 in
225 834 369 878 superba
383 832 527 874 hujusce
540 833 670 866 nobilis
686 833 794 865 domo
808 857 818 873 ,

53 882 124 916 Ubi
140 883 325 928 meliorem
341 881 428 915 mihi
443 882 518 915 fore
531 882 662 915 sortem
677 881 826 922 credidi,

54 931 142 965 'Vita
159 939 234 964 mea
247 930 357 965 servis
372 932 635 964 commendatur
648 930 807 975 plurimis
818 955 829 971 ,

55 978 246 1026 Longfique
261 979 364 1014 miser
379 979 511 1013 intere&
526 979 700 1013 conficior
711 979 814 1014 fame.

105 1028 348 1062 Benefa‘ciendi
364 1039 482 1062 curam
499 1028 529 1061 si
543 1027 731 1073 susceperit

55 1075 206 1113 Idoneus
222 1089 313 1112 unus
324 1103 334 1119 ,
347 1077 483 1123 praestat
498 1077 730 1112 multitudini.

218 1257 269 1300 -F
302 1257 344 1301 A
379 1256 413 1300 Β
448 1257 493 1302 U
528 1257 564 1300 L
598 1256 639 1301 A
721 1254 768 1300 X
800 1256 863 1302 X.

361 1352 512 1411 Vulpis
531 1348 572 1396 ὅ*
591 1351 750 1410 Lupus.

65 1419 140 1500 C
150 1475 164 1499 1
176 1474 200 1499 τ
212 1474 237 1499 Α·
249 1474 273 1499 τ
285 1474 300 1499 1
314 1473 339 1498 o
351 1474 377 1498 R
387 1473 410 1497 E
428 1465 510 1498 dum
525 1464 749 1510 viam‘carpit
766 1467 871 1511 gradu
884 1492 896 1510 ,

57 1514 99 1546 In
111 1513 253 1548 foveam
269 1513 398 1557 Vulpis
415 1514 639 1558 inopinanter
652 1516 788 1549 decidit.

57 1562 204 1596 Accedit
217 1564 287 1597 huc
302 1561 394 1596 forte
410 1563 526 1606 Lupus
543 1589 552 1604 ‚
567 1565 600 1596 ὃ(
613 1564 694 1597 dum
710 1564 900 1609 prospicit:

37 1611 43 1621 '
58 1611 132 1656 Age
143 1637 153 1652 ‚
166 1611 282 1656 inquit
299 1611 356 1645 illa
371 1637 381 1652 ,
397 1611 507 1645 amice
519 1638 527 1652 ‚
546 1614 639 1656 quod
654 1612 761 1646 facile
780 1625 883 1658 potes

57 1659 152 1692 Dare
168 1685 177 1700 ‚
194 1660 355 1704 periturae
373 1671 415 1692 ne
432 1660 519 1694 mihi
532 1662 702 1695 auxilium
719 1674 805 1707 nega
819 1676 828 1697 :

58 1708 207 1751 Aliquot
223 1708 353 1742 recisos
367 1720 414 1753 qu
425 1719 482 1742 ere
496 1720 611 1743 ramos
628 1711 792 1744 arborum
803 1737 812 1751 ‚

59 1756 102 1789 Et
114 1755 220 1798 injice
233 1782 243 1797 ,
259 1756 319 1800 qui
335 1768 391 1790 me
407 1759 448 1791 ad
461 1758 685 1792 resiliendum
702 1760 894 1793 sublevent.

61 1804 251 1838 Manedum
261 1831 271 1845 ‚
289 1806 406 1850 Lupus
423 1805 471 1839 ait
485 1817 495 1844 ·‚
511 1809 606 1850 quod
619 1808 708 1851 petis
721 1834 729 1848 ,
744 1807 869 1841 faciam
883 1809 1005 1842 lubens
1018 1821 1030 1843 t

74 1854 118 1885 ed
135 1853 188 1886 dic
201 1879 211 1894 ‚
228 1856 374 1894 amabo,
393 1865 478 1887 num
493 1856 552 1888 diu
564 1855 630 1896 est,
645 1858 724 1889 cum
740 1857 789 1889 sic
803 1857 921 1895 iaces?

60 1900 186 1947 Tuque
199 1901 287 1936 adeo
298 1928 307 1943 ,
323 1913 429 1948 quam
444 1905 652 1948 prudentem
669 1905 702 1938 &
718 1905 882 1939 callidam
891 1906 1031 1947 fenmt‚

796 1955 813 1988 1
831 1954 871 1997 vj
