1225 2367
131 112 223 175 378
298 113 448 156 ΕΑΒ.
482 112 960 158 AESOPIARUM

128 193 216 228 Bilis
232 194 356 228 resedit
369 221 378 235 ,
398 195 552 240 cogitare
566 194 732 228 attentius

129 244 286 287 Incepit,
301 244 418 288 aliqua
434 245 662 288 perveniendi
677 246 717 277 ad
733 242 869 278 exitum
919 270 924 274 .

132 293 171 325 Si
188 304 255 336 qua
271 293 458 337 superesset
471 294 562 326 ratio
577 306 584 326 ε
602 294 642 326 ad
655 293 851 326 extremum
866 295 980 337 placet

131 341 284 375 Tentare
296 367 305 382 ,
322 342 491 386 quoniam
505 343 574 374 huc
586 353 696 385 usque
713 342 747 375 se
763 343 947 376 conatibus

130 389 241 423 Pecus
259 391 410 435 maligna
427 391 594 424 herilibus
608 390 818 424 contrariam

132 438 202 472 ΡΜ
210 438 295 472 stitit
310 466 319 481 ,
337 450 380 472 an
394 465 403 479 ,
419 439 492 483 ipse
508 440 632 484 agendi
646 450 758 472 mutet
771 439 802 472 si
817 440 961 472 modum
972 464 980 480 ‚

133 488 352 532 Simuletque
367 488 437 522 sese
453 490 546 521 velle
562 514 571 529 ‚
588 490 683 533 quod
698 487 848 522 minime
865 489 954 522 velit
965 512 975 529 ‚

133 535 263 581 Pugnae
281 537 416 570 futurus
430 537 565 582 semper
581 538 673 571 idem
693 537 740 570 sit
755 547 870 571 tenor.

135 585 362 629 Quapropter
378 598 396 618 a
409 597 509 631 tergo
523 596 674 630 occupat
689 585 863 627 nunciam
877 584 976 618 suum

135 635 406 680 Quadrupedem
421 660 430 674 ,
448 637 481 668 &
497 635 572 676 ejus
589 635 712 668 acriter
726 635 869 668 caudam
886 633 1008 678 arripit
1021 658 1030 674 ‚

136 683 354 727 Stringitque
369 709 378 724 ,
398 684 612 728 summisque
629 682 735 716 trahit
755 685 793 716 ad
812 683 845 715 se
859 681 1008 716 viribus.

136 731 182 764 At
199 731 257 764 ilie
269 757 278 772 ‚
295 732 356 776 qui
376 730 489 764 fixum
503 732 622 765 animo
638 730 778 775 penitus
794 732 862 764 hoc
874 731 979 764 habet
994 755 1005 772 ,

137 780 189 813 Ut
206 790 346 823 quotzes
363 778 483 824 aliquo
501 779 664 824 progredi
680 778 854 821 jubebitur
869 804 878 820 ‚
919 794 922 798 ·

137 826 324 862 Continuo
339 828 409 861 sese
426 838 559 872 partem
575 828 613 862 in
628 828 805 861 adversam
821 827 927 868 ferat,

102 899 105 902 -
139 875 252 910 Simul
269 886 371 920 atque
385 876 493 910 sensit
509 877 624 911 nisum
641 875 843 910 abducentis
859 886 954 910 retro
966 901 976 917 ,

138 924 283 959 Prosilit
297 951 307 966 ‚
323 926 517 970 herumque
534 926 766 960 retrahentem
781 925 983 969 pertrahens
997 949 1008 966 ‚

139 974 225 1007 Uno
243 975 378 1018 impetu
393 975 603 1008 vehemente
616 985 763 1027 pontem
778 973 919 1015 trajicit.

190 1023 326 1057 Fabella
345 1023 511 1066 quosdam
530 1024 732 1067 pervicaces
750 1022 880 1056 indicat
897 1047 905 1064 ‚

141 1072 265 1114 Qum,
281 1071 318 1104 ni
334 1083 355 1104 v
361 1071 485 1105 idearis
503 1072 537 1105 id
553 1073 728 1117 refugere,
744 1072 841 1115 quod
856 1069 954 1115 cupis
969 1095 980 1111 ,

142 1121 321 1154 Adducere
338 1132 530 1164 numquam
545 1122 586 1154 ad
606 1121 640 1154 id
658 1131 789 1165 queas,
810 1121 905 1165 quod
919 1116 1075 1163 expedit.

273 1225 298 1248 (ς
509 1241 514 1243 ,
534 1210 749 1258 -ffluoeffi
777 1222 1008 1246 „W-——t

274 1295 643 1343 FABULA
711 1295 1007 1342 XXVII·

340 1392 475 1437 Poeta
503 1393 643 1452 epicus
674 1389 716 1437 ὃ·
737 1361 946 1452 AEs'opics.

150 1465 259 1544 CU
274 1517 308 1540 M
329 1519 354 1540 v
357 1507 526 1541 enditaret
543 1505 667 1550 aliquis
681 1504 816 1548 AEsopo
834 1504 934 1537 suum

148 1558 335 1600 Quoddam
352 1566 498 1599 poema,
513 1556 609 1598 quod
624 1554 762 1597 epicum
777 1561 971 1586 vocaverat
983 1577 995 1594 ,

148 1605 333 1649 Lefflisque
350 1614 483 1638 tantum
501 1602 696 1647 insignibus
713 1602 848 1646 aliquot
863 1600 951 1636 locis
966 1626 976 1642 ‚

150 1655 279 1688 Totius
299 1652 416 1697 operis
432 1653 540 1685 vellet
557 1651 804 1684 excellentiam

152 1702 368 1739 Ostendere3
383 1701 482 1734 illum
499 1700 549 1734 sic
565 1699 731 1733 refutavit
745 1699 898 1742 sophus.

149 1751 192 1785 In
205 1752 290 1784 urbe
307 1751 453 1795 quadam
468 1749 558 1783 forte
575 1749 752 1793 plusculos
769 1748 823 1780 die
827 1759 842 1779 s

151 1801 250 1834 Dum
267 1800 451 1840 demoror,
464 1799 574 1831 homo
589 1796 758 1831 convenit
775 1806 892 1829 meum
907 1793 1083 1838 hospitem

154 1849 189 1882 Si
194 1850 314 1892 mplex
328 1847 512 1891 rudisque,
528 1847 680 1880 vendere
696 1855 871 1888 exoptans
887 1845 1029 1877 domum
1040 1868 1050 1884 ,

155 1896 264 1931 Sitain
281 1896 316 1931 in
334 1895 494 1931 suburbio
509 1908 519 1935 3
533 1905 680 1941 eamque
696 1894 781 1929 dicit
797 1892 1019 1929 commodam
1031 1917 1040 1933 ,

1204 546 1222 575 χι
1198 361 1221 539 μςέμιὸριςς,
1212 347 1214 350 .
