1268 2361
281 80 859 127 PRAEFATIO.
958 81 1080 139 xxxj

88 161 180 202 vdam
201 175 250 202 ex
271 162 346 202 istis
368 163 502 202 fabulis
529 177 607 201 non
631 161 706 201 effe
731 160 949 201 invenustas
965 191 978 209 ‚
1002 174 1083 201 ter-

87 217 257 270 tiamque
279 217 363 255 libri
382 217 534 256 secundi
551 246 562 264 ‚
587 216 634 255 de
658 229 780 268 puero
803 215 841 253 ἃ
867 216 1051 255 avellanis
1068 247 1089 263 ‚.

85 268 170 321 jure
194 272 266 309 dici
289 269 393 322 posse
415 273 603 323 optimam
623 283 632 307 :
655 269 719 309 sed
739 269 831 322 quid
852 272 989 309 mirum
1011 301 1021 317 ,
1048 273 1078 308 si

86 325 145 363 vir
165 324 382 378 ingeniosus
398 355 409 371 ‚
431 327 469 362 in
491 338 529 363 re
550 326 681 377 quavis
703 322 888 362 desudans
907 355 918 371 ,
941 324 1083 363 habue-

84 378 133 417 rit
151 379 357 431 aliquando
380 378 583 431 prosperos
605 377 750 417 exitus?
775 378 864 416 Hoc
887 378 1082 417 nihilomi-

85 445 156 470 nus
179 433 376 471 contendo
395 462 408 480 ‚
433 445 552 471 artem
575 431 846 486 excogitandi»,
873 432 1083 480 narrandi,

83 483 242 537 jocandi
261 490 299 526 in
321 488 484 526 hominis
508 485 620 525 nostri
642 485 778 524 fabulis
801 486 989 539 plerisque
1015 488 1081 525 vix

84 539 260 586 elucere3
289 540 526 594 perstrepere
555 554 681 579 autem
707 539 837 592 saepius
864 541 1080 593 loquacita-

83 603 166 634 tem
188 596 584 647 importunissimam3
606 608 647 632 ac
671 597 858 647 permulta
885 594 954 632 stili
977 594 1082 632 rudis

84 647 129 687 &
158 648 279 701 asperi
310 646 452 688 exstare
480 647 671 701 vestigia3
703 647 905 700 versusque
939 651 1080 699 passim

84 715 288 742 occurrere
320 703 557 756 inelegantes
594 702 634 740 ὅ(
672 716 794 754 prope
827 702 1002 741 horridos
1038 701 1078 741 8.

83 754 209 807 Quo‘d
229 757 269 796 &
288 756 364 810 ipsa
385 757 538 809 puerilis
560 767 648 794 aetas
664 785 675 803 ‚
698 756 794 794 duce
816 756 948 794 natura
966 786 978 804 ‚
998 756 1081 794 sen·

81 810 152 848 tire
176 811 297 863 possit
321 826 329 850 :
352 824 441 849 nam
465 812 551 849 clim
574 810 667 848 olim
691 809 902 848 fabularum
925 809 1078 849 istarum

82 860 242 904 Ponsius
267 877 291 917 9
319 865 526 904 admirator
542 895 553 912 ‚
582 864 833 917 laudatorque
862 866 1048 903 maximus
1065 880 1098 912 ,·

81 929 200 957 unam
228 932 275 958 ex
305 920 484 958 omnibus
515 916 733 972 selegiffet‚
763 931 961 970 pueroque
992 918 1076 957 sex-

82 974 200 1021 enni,
230 975 294 1025 qui
319 973 503 1012 Fontanae
530 972 676 1011 fabulas
703 975 866 1012 retinere
895 971 1075 1025 perfacile

82 1029 271 1076 memoria
310 1027 456 1067 solebat
480 1058 492 1076 ‚
534 1026 804 1066 addiscendam
839 1025 1045 1066 tradidisset
1063 1040 1085 1074 ·,

81 1081 189 1121 nullo
207 1081 318 1136 paclo
340 1095 436 1135 puer
456 1081 647 1120 addiscere
672 1081 776 1120 illam
799 1082 938 1133 potuit.

83 1199 116 1232 8<
132 1207 192 1232 tres
212 1199 334 1233 circiter
350 1199 500 1241 colligere
515 1199 596 1232 licuit
612 1221 622 1234 ‚
643 1208 719 1241 quas
733 1198 872 1232 versibus
888 1198 985 1231 latinis
1003 1198 1075 1231 red-

81 1242 187 1276 derem
205 1265 214 1277 ‚
237 1243 287 1275 vel
310 1243 411 1285 potitis
435 1244 576 1275 imitarer.

123 1286 143 1317 8
166 1285 265 1318 Notus
293 1285 335 1318 est
361 1285 471 1327 Liber,
504 1286 551 1318 cui
579 1283 683 1317 titulus
706 1295 714 1316 :
738 1283 796 1315 Les
822 1283 930 1314 Fables
959 1285 993 1314 de
1019 1283 1071 1315 M.

81 1328 227 1360 Houdart
254 1329 289 1360 de
314 1328 345 1360 la
367 1329 470 1360 Morte
496 1353 505 1369 ,
533 1329 683 1360 tradnices
704 1339 739 1359 en
760 1339 827 1358 vers
845 1327 990 1370 fransois
1015 1339 1072 1370 par

82 1372 112 1405 le
131 1371 170 1405 P.
193 1372 228 1406 S.
248 1371 284 1405 F.

298 1430 331 1464 ln
350 1439 419 1465 toto
439 1431 531 1465 Libro
551 1431 589 1464 nil
609 1430 712 1464 melius
734 1430 836 1463 titulo.

578 1490 685 1524 Joach.
706 1489 874 1531 Bella'ius,
890 1501 961 1533 pag.
985 1503 1030 1529 ις.

123 1560 144 1593 9
164 1550 291 1582 L’Abhe'
307 1552 343 1582 de
358 1549 445 1582 Pons
458 1576 468 1591 ,
491 1550 519 1582 in
537 1559 628 1594 quem
644 1549 753 1582 sadum
770 1549 813 1582 est
830 1549 901 1583 illud
920 1551 1080 1593 epigram-

81 1603 129 1627 ma
147 1595 285 1638 gallicum
303 1604 311 1625 ι

254 1652 378 1686 L'Abbe
398 1653 435 1686 de
452 1651 550 1693 Pons,
567 1663 603 1686 ce
620 1652 695 1696 petit
710 1654 854 1691 homme,

254 1711 343 1745 Nous
359 1720 450 1745 vante
465 1710 506 1744 La
521 1711 624 1745 Motte
641 1736 649 1750 ,
671 1711 704 1744 δι
720 1711 747 1745 le
764 1721 887 1744 nomme

255 1770 303 1804 Un
319 1771 406 1814 genle
421 1793 431 1807 ‚
451 1780 489 1803 un
506 1778 610 1803 auteur
626 1770 708 1803 divin
724 1781 732 1802 z

258 1828 337 1861 Tout
358 1830 397 1870 est
415 1829 507 1873 ge'ant
527 1841 588 1861 aux
607 1841 691 1872 ῥεια
716 1830 793 1863 d'un.
811 1831 906 1860 nain-
